<DATE>;<TIME>;<LAST>;<VOL>;<ID>;<OPER>
20240129;095956;2849.500000000;1;9473211895;S
20240129;095956;2849.500000000;2;9473211896;S
20240129;095956;2849.500000000;1;9473211897;S
20240129;095956;2849.500000000;1;9473211898;S
20240129;095956;2849.500000000;4;9473211899;S
20240129;095956;2849.500000000;2;9473211900;S
20240129;095956;2849.500000000;1;9473211901;S
20240129;095956;2849.500000000;49;9473211902;S
20240129;095956;2849.500000000;1;9473211903;S
20240129;095956;2849.500000000;12;9473211904;S
20240129;095956;2849.500000000;18;9473211905;S
20240129;095956;2849.500000000;2;9473211906;S
20240129;095956;2849.500000000;1;9473211907;S
20240129;095956;2849.500000000;4;9473211908;S
20240129;095956;2849.500000000;6;9473211909;S
20240129;095956;2849.500000000;2;9473211910;B
20240129;095956;2849.500000000;2;9473211911;B
20240129;095956;2849.500000000;2;9473211912;B
20240129;095956;2849.500000000;2;9473211913;B
20240129;095956;2849.500000000;8;9473211914;S
20240129;095956;2849.500000000;10;9473211915;S
20240129;095956;2849.500000000;18;9473211916;S
20240129;095956;2849.500000000;1;9473211917;S
20240129;095956;2849.500000000;3;9473211918;S
20240129;095956;2849.500000000;20;9473211919;S
20240129;095956;2849.500000000;3;9473211920;S
20240129;095956;2849.500000000;25;9473211921;S
20240129;095956;2849.500000000;10;9473211922;S
20240129;095956;2849.500000000;1;9473211923;B
20240129;095956;2849.500000000;1;9473211924;B
20240129;095956;2849.500000000;1;9473211925;B
20240129;095956;2849.500000000;3;9473211926;B
20240129;095956;2849.500000000;6;9473211927;B
20240129;095956;2849.500000000;2;9473211928;B
20240129;095956;2849.500000000;1;9473211929;B
20240129;095956;2849.500000000;1;9473211930;B
20240129;095956;2849.500000000;1;9473211931;B
20240129;095956;2849.500000000;1;9473211932;B
20240129;095956;2849.500000000;6;9473211933;B
20240129;095956;2849.500000000;5;9473211934;B
20240129;095956;2849.500000000;1;9473211935;S
20240129;095956;2849.500000000;15;9473211936;B
20240129;095956;2849.500000000;5;9473211937;B
20240129;095956;2849.500000000;12;9473211938;B
20240129;095956;2849.500000000;5;9473211939;B
20240129;095956;2849.500000000;1;9473211940;B
20240129;095956;2849.500000000;4;9473211941;B
20240129;095956;2849.500000000;1;9473211942;B
20240129;095956;2849.500000000;3;9473211943;B
20240129;095956;2849.500000000;18;9473211944;B
20240129;095956;2849.500000000;1;9473211945;B
20240129;095956;2849.500000000;2;9473211946;B
20240129;095956;2849.500000000;5;9473211947;B
20240129;095956;2849.500000000;103;9473211948;B
20240129;095956;2849.500000000;2;9473211949;B
20240129;095956;2849.500000000;2;9473211950;B
20240129;095956;2849.500000000;1;9473211951;B
20240129;095956;2849.500000000;10;9473211952;B
20240129;095956;2849.500000000;3;9473211953;B
20240129;095956;2849.500000000;9;9473211954;B
20240129;095956;2849.500000000;5;9473211955;B
20240129;095956;2849.500000000;20;9473211956;B
20240129;095956;2849.500000000;10;9473211957;B
20240129;095956;2849.500000000;10;9473211958;B
20240129;095956;2849.500000000;59;9473211959;B
20240129;095956;2849.500000000;1;9473211960;B
20240129;095956;2849.500000000;1;9473211961;B
20240129;095956;2849.500000000;3;9473211962;B
20240129;095956;2849.500000000;15;9473211963;B
20240129;095956;2849.500000000;1;9473211964;B
20240129;095956;2849.500000000;1;9473211965;B
20240129;095956;2849.500000000;3;9473211966;B
20240129;095956;2849.500000000;1;9473211967;B
20240129;095956;2849.500000000;10;9473211968;B
20240129;095956;2849.500000000;1;9473211969;B
20240129;095956;2849.500000000;2;9473211970;B
20240129;095956;2849.500000000;1;9473211971;B
20240129;095956;2849.500000000;1;9473211972;B
20240129;095956;2849.500000000;1;9473211973;S
20240129;095956;2849.500000000;3;9473211974;S
20240129;095956;2849.500000000;10;9473211975;S
20240129;095956;2849.500000000;1;9473211976;S
20240129;095956;2849.500000000;3;9473211977;S
20240129;095956;2849.500000000;35;9473211978;S
20240129;095956;2849.500000000;40;9473211979;S
20240129;095956;2849.500000000;13;9473211980;S
20240129;095956;2849.500000000;1;9473211981;B
20240129;095956;2849.500000000;1;9473211982;B
20240129;095956;2849.500000000;3;9473211983;B
20240129;095956;2849.500000000;22;9473211984;B
20240129;095956;2849.500000000;10;9473211985;S
20240129;095956;2849.500000000;10;9473211986;S
20240129;095956;2849.500000000;3;9473211987;S
20240129;095956;2849.500000000;37;9473211988;S
20240129;095956;2849.500000000;50;9473211989;S
20240129;095956;2849.500000000;313;9473211990;B
20240129;095956;2849.500000000;55;9473211991;B
20240129;095956;2849.500000000;1;9473211992;B
20240129;095956;2849.500000000;1;9473211993;B
20240129;095956;2849.500000000;20;9473211994;B
20240129;095956;2849.500000000;26;9473211995;B
20240129;095956;2849.500000000;35;9473211996;B
20240129;100000;2849.500000000;19;9473213701;B
20240129;100000;2850.000000000;1;9473213702;B
20240129;100000;2849.000000000;1;9473213871;S
20240129;100000;2850.000000000;19;9473214088;B
20240129;100000;2850.000000000;1;9473214089;B
20240129;100000;2850.000000000;10;9473214090;B
20240129;100000;2850.000000000;1;9473214091;B
20240129;100000;2852.000000000;16;9473214092;B
20240129;100000;2852.000000000;1;9473214093;B
20240129;100000;2852.000000000;2;9473214094;B
20240129;100000;2852.000000000;10;9473214189;B
20240129;100000;2852.000000000;2;9473214384;B
20240129;100000;2852.000000000;1;9473214498;B
20240129;100000;2849.000000000;1;9473214597;S
20240129;100001;2850.000000000;9;9473215381;B
20240129;100001;2849.500000000;1;9473215554;S
20240129;100001;2849.500000000;2;9473215800;S
20240129;100001;2849.500000000;10;9473215884;S
20240129;100001;2849.500000000;1;9473215998;S
20240129;100001;2849.500000000;2;9473216004;S
20240129;100001;2850.000000000;1;9473216023;S
20240129;100001;2850.000000000;11;9473216027;S
20240129;100002;2852.000000000;20;9473216100;B
20240129;100002;2852.500000000;3;9473216101;B
20240129;100002;2852.500000000;5;9473216102;B
20240129;100002;2852.500000000;1;9473216103;B
20240129;100002;2853.000000000;21;9473216104;B
20240129;100002;2850.000000000;1;9473216154;S
20240129;100002;2850.000000000;1;9473216284;S
20240129;100002;2853.000000000;69;9473216312;B
20240129;100002;2853.000000000;28;9473216391;B
20240129;100002;2850.500000000;10;9473216541;S
20240129;100002;2851.000000000;15;9473216648;S
20240129;100002;2853.500000000;10;9473216751;B
20240129;100002;2853.500000000;10;9473216752;B
20240129;100003;2850.500000000;3;9473216826;S
20240129;100003;2850.500000000;2;9473217463;S
20240129;100004;2851.000000000;1;9473218129;B
20240129;100004;2854.000000000;38;9473218130;B
20240129;100004;2854.000000000;60;9473218131;B
20240129;100004;2854.000000000;1;9473218132;B
20240129;100004;2851.000000000;1;9473218147;S
20240129;100004;2851.000000000;10;9473218306;S
20240129;100004;2854.000000000;35;9473218528;B
20240129;100004;2854.000000000;11;9473218529;B
20240129;100004;2854.500000000;91;9473218530;B
20240129;100004;2854.500000000;1;9473219516;B
20240129;100005;2854.500000000;1;9473220338;B
20240129;100005;2854.500000000;1;9473220766;B
20240129;100005;2854.500000000;2;9473220777;B
20240129;100005;2854.500000000;100;9473220811;B
20240129;100005;2853.500000000;1;9473221858;S
20240129;100005;2854.500000000;20;9473222215;B
20240129;100005;2854.000000000;2;9473223064;B
20240129;100005;2854.500000000;25;9473223065;B
20240129;100005;2854.500000000;1;9473223066;B
20240129;100005;2855.000000000;1;9473223067;B
20240129;100005;2855.000000000;1;9473223068;B
20240129;100005;2855.000000000;5;9473223069;B
20240129;100005;2855.000000000;1;9473223070;B
20240129;100005;2855.000000000;64;9473223071;B
20240129;100005;2853.500000000;2;9473223622;S
20240129;100005;2853.500000000;17;9473223628;S
20240129;100005;2851.500000000;1;9473223629;S
20240129;100006;2854.500000000;1;9473223927;B
20240129;100006;2854.500000000;2;9473224880;S
20240129;100006;2855.000000000;10;9473224881;B
20240129;100006;2855.000000000;1;9473224883;B
20240129;100007;2855.000000000;1;9473226562;B
20240129;100007;2855.000000000;30;9473226563;B
20240129;100007;2855.000000000;20;9473226858;B
20240129;100007;2855.000000000;161;9473227270;B
20240129;100007;2855.500000000;5;9473227271;B
20240129;100007;2856.500000000;5;9473227272;B
20240129;100007;2856.500000000;1;9473227273;B
20240129;100007;2856.500000000;2;9473227274;B
20240129;100007;2857.000000000;1;9473227275;B
20240129;100007;2857.000000000;180;9473227276;B
20240129;100007;2857.000000000;2;9473227277;B
20240129;100007;2857.000000000;11;9473227278;B
20240129;100007;2857.500000000;1;9473227279;B
20240129;100007;2857.500000000;1;9473227280;B
20240129;100008;2854.500000000;17;9473227722;S
20240129;100008;2853.500000000;106;9473227723;S
20240129;100008;2852.500000000;18;9473227724;S
20240129;100008;2856.500000000;10;9473227795;B
20240129;100008;2857.000000000;106;9473227796;B
20240129;100008;2857.500000000;2;9473227797;B
20240129;100008;2857.500000000;32;9473227798;B
20240129;100008;2857.500000000;5;9473227805;B
20240129;100008;2853.500000000;8;9473227877;S
20240129;100008;2857.500000000;1;9473227902;B
20240129;100008;2857.500000000;12;9473227957;B
20240129;100008;2857.500000000;8;9473227958;B
20240129;100008;2857.500000000;1;9473227959;B
20240129;100008;2858.000000000;33;9473227960;B
20240129;100008;2858.000000000;46;9473227961;B
20240129;100009;2853.500000000;2;9473228117;S
20240129;100009;2856.000000000;5;9473228151;B
20240129;100010;2855.500000000;10;9473228325;B
20240129;100010;2856.000000000;2;9473228326;B
20240129;100010;2857.500000000;2;9473228327;B
20240129;100010;2857.500000000;4;9473228328;B
20240129;100010;2853.500000000;8;9473228604;S
20240129;100010;2853.500000000;5;9473228648;S
20240129;100010;2857.500000000;1;9473228659;B
20240129;100011;2857.500000000;35;9473228803;B
20240129;100011;2857.500000000;15;9473228804;B
20240129;100011;2857.500000000;4;9473229077;B
20240129;100012;2858.000000000;70;9473229327;B
20240129;100012;2854.500000000;1;9473229356;S
20240129;100012;2858.000000000;70;9473229454;B
20240129;100013;2858.000000000;14;9473229598;B
20240129;100013;2858.000000000;5;9473229599;B
20240129;100013;2858.000000000;1;9473229600;B
20240129;100014;2858.000000000;130;9473230126;B
20240129;100014;2858.000000000;89;9473230127;B
20240129;100014;2858.000000000;20;9473230153;B
20240129;100015;2858.000000000;20;9473230300;B
20240129;100015;2858.000000000;1;9473230402;B
20240129;100017;2858.000000000;10;9473231771;B
20240129;100018;2858.000000000;8;9473231832;B
20240129;100018;2857.000000000;50;9473231874;S
20240129;100018;2857.000000000;50;9473231876;S
20240129;100018;2857.000000000;8;9473231877;S
20240129;100018;2855.000000000;25;9473231878;S
20240129;100018;2853.000000000;17;9473231879;S
20240129;100018;2853.000000000;26;9473231880;S
20240129;100018;2853.000000000;8;9473231881;S
20240129;100018;2850.500000000;6;9473231882;S
20240129;100018;2850.500000000;10;9473231883;S
20240129;100018;2857.500000000;2;9473231933;B
20240129;100020;2857.000000000;1;9473232630;B
20240129;100022;2854.000000000;1;9473233121;S
20240129;100022;2853.000000000;1;9473233155;S
20240129;100023;2857.000000000;1;9473233415;B
20240129;100024;2857.000000000;13;9473233665;B
20240129;100024;2857.500000000;2;9473233666;B
20240129;100028;2855.500000000;1;9473235294;S
20240129;100029;2855.500000000;5;9473235483;S
20240129;100030;2857.000000000;25;9473235750;B
20240129;100031;2854.500000000;1;9473236435;S
20240129;100031;2857.000000000;7;9473236517;B
20240129;100032;2857.000000000;1;9473236707;B
20240129;100033;2854.500000000;35;9473236947;S
20240129;100033;2854.500000000;17;9473236948;S
20240129;100033;2854.000000000;36;9473236949;S
20240129;100033;2854.500000000;36;9473237130;S
20240129;100033;2854.000000000;70;9473237131;S
20240129;100033;2854.000000000;38;9473237132;S
20240129;100034;2857.000000000;5;9473237357;B
20240129;100035;2854.000000000;14;9473237817;S
20240129;100035;2853.500000000;36;9473237818;S
20240129;100036;2855.000000000;1;9473237841;B
20240129;100036;2855.000000000;1;9473237928;B
20240129;100037;2856.000000000;1;9473238304;B
20240129;100038;2856.000000000;1;9473238411;B
20240129;100038;2853.500000000;11;9473238552;S
20240129;100039;2856.000000000;21;9473238569;B
20240129;100039;2856.500000000;29;9473238570;B
20240129;100041;2856.500000000;17;9473239564;B
20240129;100041;2854.000000000;2;9473239569;S
20240129;100044;2854.000000000;50;9473240327;S
20240129;100044;2853.500000000;3;9473240328;S
20240129;100044;2853.000000000;2;9473240329;S
20240129;100044;2853.000000000;7;9473240330;S
20240129;100044;2852.500000000;17;9473240331;S
20240129;100044;2856.000000000;2;9473240370;B
20240129;100044;2856.500000000;38;9473240371;B
20240129;100045;2856.500000000;20;9473240541;B
20240129;100047;2854.000000000;15;9473241006;S
20240129;100047;2854.000000000;25;9473241007;S
20240129;100047;2853.500000000;60;9473241008;S
20240129;100047;2856.500000000;3;9473241234;B
20240129;100047;2856.500000000;20;9473241247;B
20240129;100048;2856.500000000;1;9473241394;B
20240129;100052;2853.500000000;1;9473242409;S
20240129;100053;2856.000000000;25;9473242446;B
20240129;100053;2856.500000000;4;9473242447;B
20240129;100054;2854.000000000;8;9473242847;S
20240129;100055;2854.000000000;1;9473243014;S
20240129;100056;2856.500000000;44;9473243141;B
20240129;100057;2856.500000000;6;9473243413;S
20240129;100057;2856.500000000;1;9473243414;S
20240129;100057;2854.000000000;80;9473243415;S
20240129;100057;2854.000000000;5;9473243474;S
20240129;100059;2856.500000000;5;9473244002;B
20240129;100059;2856.500000000;1;9473244003;B
20240129;100059;2856.500000000;4;9473244004;B
20240129;100104;2856.000000000;50;9473245180;S
20240129;100104;2856.000000000;30;9473245181;S
20240129;100105;2856.500000000;3;9473245346;B
20240129;100106;2856.000000000;1;9473245377;S
20240129;100106;2856.500000000;1;9473245454;B
20240129;100108;2856.500000000;6;9473245774;B
20240129;100108;2856.500000000;14;9473245775;B
20240129;100108;2856.000000000;1;9473245799;S
20240129;100111;2857.000000000;1;9473246280;B
20240129;100115;2857.000000000;11;9473246954;B
20240129;100115;2857.000000000;4;9473246955;B
20240129;100115;2857.000000000;5;9473246956;B
20240129;100115;2857.500000000;5;9473246957;B
20240129;100116;2857.000000000;7;9473247139;B
20240129;100117;2856.500000000;2;9473247361;B
20240129;100117;2857.000000000;17;9473247362;B
20240129;100117;2856.000000000;17;9473247452;S
20240129;100119;2856.000000000;40;9473247939;S
20240129;100120;2857.000000000;5;9473248074;B
20240129;100120;2857.000000000;20;9473248075;B
20240129;100120;2856.000000000;1;9473248107;S
20240129;100124;2857.000000000;2;9473249025;B
20240129;100125;2857.000000000;10;9473249181;B
20240129;100125;2856.000000000;8;9473249222;S
20240129;100126;2857.000000000;24;9473249463;B
20240129;100127;2857.000000000;12;9473249583;B
20240129;100139;2856.000000000;8;9473252109;S
20240129;100139;2856.000000000;1;9473252129;S
20240129;100140;2856.500000000;1;9473252318;B
20240129;100141;2856.500000000;8;9473252513;B
20240129;100143;2856.000000000;1;9473252811;S
20240129;100143;2856.000000000;1;9473252853;S
20240129;100143;2856.000000000;1;9473252882;S
20240129;100144;2856.000000000;82;9473253002;S
20240129;100145;2856.000000000;250;9473253140;S
20240129;100145;2856.000000000;8;9473253141;S
20240129;100146;2856.000000000;1;9473253312;S
20240129;100146;2856.500000000;1;9473253518;B
20240129;100147;2856.000000000;9;9473253644;S
20240129;100147;2856.000000000;1;9473253645;S
20240129;100147;2856.000000000;1;9473253646;S
20240129;100147;2855.000000000;5;9473253674;B
20240129;100148;2854.000000000;4;9473253770;S
20240129;100148;2854.000000000;6;9473253771;S
20240129;100150;2855.000000000;2;9473254246;B
20240129;100151;2854.000000000;100;9473254411;S
20240129;100151;2855.000000000;4;9473254414;B
20240129;100152;2854.000000000;494;9473254649;S
20240129;100152;2854.000000000;2;9473254650;S
20240129;100152;2854.000000000;2;9473254651;S
20240129;100152;2854.000000000;1;9473254652;S
20240129;100155;2853.500000000;2;9473255133;B
20240129;100155;2853.500000000;17;9473255172;B
20240129;100157;2850.500000000;50;9473255554;S
20240129;100157;2850.500000000;106;9473255555;S
20240129;100157;2853.000000000;1;9473255668;B
20240129;100157;2853.500000000;14;9473255669;B
20240129;100159;2853.000000000;9;9473255891;B
20240129;100159;2853.500000000;6;9473255892;B
20240129;100201;2850.000000000;10;9473256243;S
20240129;100208;2853.000000000;10;9473257537;B
20240129;100208;2854.000000000;25;9473257538;B
20240129;100208;2854.000000000;1;9473257539;B
20240129;100208;2854.500000000;32;9473257540;B
20240129;100210;2851.500000000;32;9473257780;S
20240129;100210;2851.500000000;15;9473257781;S
20240129;100212;2854.500000000;36;9473258445;B
20240129;100213;2854.500000000;14;9473258589;S
20240129;100213;2854.500000000;6;9473258590;S
20240129;100215;2855.000000000;8;9473259020;B
20240129;100215;2855.000000000;17;9473259021;B
20240129;100216;2853.000000000;2;9473259024;S
20240129;100216;2854.500000000;1;9473259094;S
20240129;100218;2854.000000000;30;9473259670;B
20240129;100221;2853.000000000;1;9473260184;S
20240129;100221;2853.000000000;2;9473260185;S
20240129;100229;2854.000000000;15;9473261626;B
20240129;100232;2854.000000000;10;9473262252;B
20240129;100233;2854.000000000;17;9473262388;B
20240129;100234;2854.000000000;177;9473262708;B
20240129;100234;2854.000000000;10;9473262709;B
20240129;100234;2854.500000000;63;9473262710;B
20240129;100234;2853.500000000;15;9473262803;S
20240129;100236;2854.500000000;36;9473263112;B
20240129;100236;2855.000000000;3;9473263113;B
20240129;100236;2855.000000000;1;9473263114;B
20240129;100236;2855.000000000;1;9473263115;B
20240129;100236;2855.000000000;10;9473263116;B
20240129;100236;2855.000000000;40;9473263117;B
20240129;100236;2855.000000000;15;9473263118;B
20240129;100236;2855.500000000;21;9473263119;B
20240129;100236;2856.000000000;2;9473263120;B
20240129;100236;2856.000000000;3;9473263121;B
20240129;100236;2856.000000000;6;9473263122;B
20240129;100236;2856.500000000;8;9473263123;B
20240129;100236;2856.500000000;106;9473263124;B
20240129;100236;2857.000000000;1;9473263125;B
20240129;100236;2857.000000000;10;9473263126;B
20240129;100236;2858.000000000;52;9473263127;B
20240129;100236;2858.000000000;1;9473263128;B
20240129;100236;2858.000000000;100;9473263129;B
20240129;100236;2858.000000000;2;9473263130;B
20240129;100236;2858.000000000;5;9473263131;B
20240129;100236;2858.500000000;1;9473263132;B
20240129;100236;2858.500000000;5;9473263133;B
20240129;100236;2858.500000000;10;9473263134;B
20240129;100236;2858.500000000;1;9473263135;B
20240129;100236;2858.500000000;51;9473263136;B
20240129;100236;2859.000000000;1;9473263137;B
20240129;100236;2859.000000000;1;9473263138;B
20240129;100236;2859.000000000;1;9473263139;B
20240129;100236;2859.000000000;200;9473263140;B
20240129;100236;2859.500000000;1;9473263141;B
20240129;100236;2859.500000000;1;9473263142;B
20240129;100236;2859.500000000;2;9473263143;B
20240129;100236;2859.500000000;1;9473263144;B
20240129;100236;2859.500000000;5;9473263145;B
20240129;100236;2859.500000000;3;9473263146;B
20240129;100236;2860.000000000;2;9473263147;B
20240129;100236;2860.000000000;1;9473263148;B
20240129;100236;2860.000000000;1;9473263149;B
20240129;100236;2860.000000000;10;9473263150;B
20240129;100236;2860.000000000;1;9473263151;B
20240129;100236;2860.000000000;3;9473263152;B
20240129;100236;2860.000000000;5;9473263153;B
20240129;100236;2860.000000000;2;9473263154;B
20240129;100236;2860.000000000;1;9473263155;B
20240129;100236;2860.000000000;3;9473263156;B
20240129;100236;2860.000000000;100;9473263157;B
20240129;100236;2860.000000000;45;9473263158;B
20240129;100236;2860.000000000;1;9473263159;B
20240129;100236;2860.000000000;10;9473263160;B
20240129;100236;2860.000000000;36;9473263161;B
20240129;100236;2860.000000000;50;9473263162;S
20240129;100236;2860.000000000;50;9473263163;S
20240129;100236;2860.000000000;30;9473263164;S
20240129;100236;2860.000000000;67;9473263203;S
20240129;100236;2860.000000000;30;9473263204;S
20240129;100237;2860.000000000;3;9473263239;B
20240129;100237;2860.000000000;3;9473263245;S
20240129;100237;2860.000000000;1;9473263259;S
20240129;100237;2860.000000000;3;9473263263;S
20240129;100237;2860.000000000;10;9473263281;S
20240129;100237;2860.000000000;5;9473263282;S
20240129;100237;2860.000000000;1;9473263285;S
20240129;100237;2860.000000000;10;9473263302;S
20240129;100237;2860.000000000;1;9473263306;S
20240129;100237;2860.000000000;13;9473263309;S
20240129;100237;2859.000000000;10;9473263332;B
20240129;100239;2857.500000000;1;9473263842;B
20240129;100247;2858.000000000;1;9473265211;B
20240129;100250;2857.500000000;5;9473265658;B
20240129;100253;2854.000000000;3;9473266327;S
20240129;100254;2856.000000000;2;9473266487;B
20240129;100254;2857.000000000;16;9473266488;B
20240129;100254;2857.000000000;5;9473266539;B
20240129;100255;2854.500000000;52;9473266635;S
20240129;100255;2854.500000000;30;9473266636;S
20240129;100255;2854.000000000;21;9473266637;S
20240129;100255;2854.000000000;59;9473266638;S
20240129;100255;2853.000000000;15;9473266639;S
20240129;100255;2853.000000000;20;9473266640;S
20240129;100255;2853.000000000;3;9473266641;S
20240129;100301;2854.500000000;15;9473267516;S
20240129;100301;2854.500000000;30;9473267517;S
20240129;100301;2854.000000000;10;9473267561;S
20240129;100301;2854.000000000;106;9473267562;S
20240129;100301;2853.500000000;6;9473267563;S
20240129;100301;2853.000000000;6;9473267564;S
20240129;100301;2853.000000000;1;9473267565;S
20240129;100301;2853.000000000;8;9473267566;S
20240129;100301;2853.000000000;30;9473267567;S
20240129;100301;2853.000000000;53;9473267568;S
20240129;100301;2852.500000000;40;9473267569;S
20240129;100301;2852.500000000;40;9473267570;S
20240129;100303;2856.500000000;2;9473267939;B
20240129;100307;2856.500000000;8;9473268724;B
20240129;100307;2857.000000000;2;9473268725;B
20240129;100307;2857.000000000;20;9473268726;B
20240129;100307;2857.000000000;45;9473268727;B
20240129;100308;2857.000000000;1;9473269055;B
20240129;100309;2857.500000000;9;9473269137;B
20240129;100309;2857.500000000;25;9473269175;B
20240129;100310;2857.500000000;250;9473269465;B
20240129;100311;2856.000000000;4;9473269620;S
20240129;100319;2857.000000000;15;9473270991;S
20240129;100319;2857.500000000;16;9473271016;B
20240129;100320;2858.000000000;4;9473271401;B
20240129;100320;2858.500000000;8;9473271402;B
20240129;100320;2859.000000000;13;9473271403;B
20240129;100321;2859.000000000;1;9473271455;B
20240129;100322;2859.000000000;100;9473271801;B
20240129;100323;2859.000000000;113;9473271860;B
20240129;100323;2859.000000000;10;9473271861;B
20240129;100323;2859.500000000;8;9473271862;B
20240129;100323;2860.000000000;1;9473271863;B
20240129;100323;2860.000000000;10;9473271864;B
20240129;100323;2860.000000000;49;9473271865;B
20240129;100323;2857.500000000;36;9473271963;S
20240129;100323;2857.500000000;30;9473271964;S
20240129;100323;2857.000000000;2;9473271965;S
20240129;100323;2856.500000000;32;9473271966;S
20240129;100323;2857.000000000;11;9473272080;S
20240129;100325;2860.000000000;25;9473272464;B
20240129;100325;2860.000000000;1;9473272465;B
20240129;100325;2860.000000000;24;9473272466;B
20240129;100325;2858.000000000;4;9473272516;S
20240129;100326;2858.000000000;1;9473272820;S
20240129;100328;2857.500000000;26;9473273255;S
20240129;100330;2859.000000000;3;9473273680;B
20240129;100330;2860.000000000;5;9473273681;B
20240129;100330;2860.000000000;5;9473273682;B
20240129;100330;2860.000000000;6;9473273683;B
20240129;100330;2860.000000000;1;9473273684;B
20240129;100330;2860.000000000;3;9473273685;B
20240129;100330;2860.000000000;2;9473273686;B
20240129;100336;2859.500000000;1;9473274821;B
20240129;100338;2859.000000000;15;9473275448;B
20240129;100338;2857.500000000;6;9473275458;S
20240129;100338;2859.000000000;5;9473275464;B
20240129;100340;2859.500000000;25;9473275658;B
20240129;100340;2859.500000000;20;9473275788;B
20240129;100340;2860.000000000;3;9473275789;B
20240129;100340;2860.000000000;1;9473275790;B
20240129;100340;2860.000000000;1;9473275791;B
20240129;100340;2860.000000000;2;9473275792;B
20240129;100340;2860.000000000;25;9473275793;B
20240129;100340;2860.500000000;1;9473275796;B
20240129;100340;2860.500000000;99;9473275797;B
20240129;100340;2860.500000000;14;9473275811;B
20240129;100341;2860.500000000;10;9473275921;B
20240129;100343;2860.500000000;27;9473276201;B
20240129;100343;2860.500000000;2;9473276202;B
20240129;100343;2860.500000000;5;9473276203;B
20240129;100343;2861.000000000;1;9473276204;B
20240129;100343;2861.000000000;52;9473276205;B
20240129;100343;2861.000000000;50;9473276206;S
20240129;100343;2861.000000000;10;9473276207;S
20240129;100343;2861.000000000;3;9473276256;S
20240129;100343;2861.000000000;30;9473276257;S
20240129;100343;2860.500000000;36;9473276258;S
20240129;100343;2860.500000000;47;9473276259;S
20240129;100343;2860.000000000;98;9473276260;S
20240129;100343;2860.000000000;101;9473276261;S
20240129;100344;2861.500000000;3;9473276321;B
20240129;100344;2860.500000000;24;9473276378;S
20240129;100344;2860.500000000;7;9473276379;S
20240129;100344;2860.000000000;1;9473276395;S
20240129;100344;2860.500000000;26;9473276425;B
20240129;100344;2860.500000000;75;9473276466;B
20240129;100346;2860.000000000;35;9473276652;S
20240129;100347;2860.500000000;10;9473276828;B
20240129;100347;2860.500000000;32;9473276834;B
20240129;100349;2860.500000000;2;9473277086;S
20240129;100349;2861.000000000;1;9473277087;B
20240129;100352;2860.500000000;10;9473277606;S
20240129;100352;2860.500000000;1;9473277607;S
20240129;100352;2860.000000000;89;9473277608;S
20240129;100352;2860.500000000;6;9473277639;S
20240129;100352;2860.000000000;4;9473277640;S
20240129;100353;2860.500000000;21;9473277836;S
20240129;100353;2861.500000000;2;9473277967;B
20240129;100353;2861.500000000;5;9473277968;B
20240129;100355;2861.000000000;1;9473278300;S
20240129;100356;2861.000000000;1;9473278564;S
20240129;100356;2860.500000000;3;9473278565;S
20240129;100356;2860.500000000;6;9473278566;B
20240129;100356;2861.000000000;1;9473278704;B
20240129;100358;2861.000000000;6;9473279102;B
20240129;100358;2861.000000000;2;9473279127;B
20240129;100359;2862.000000000;1;9473279384;B
20240129;100359;2862.000000000;10;9473279385;B
20240129;100400;2861.000000000;22;9473279468;B
20240129;100400;2862.000000000;4;9473279491;B
20240129;100400;2861.000000000;118;9473279573;B
20240129;100402;2860.500000000;1;9473279902;S
20240129;100402;2861.500000000;1;9473279908;B
20240129;100402;2860.500000000;9;9473279922;S
20240129;100402;2860.000000000;24;9473279923;S
20240129;100403;2861.500000000;2;9473280156;B
20240129;100404;2861.000000000;1;9473280200;S
20240129;100404;2861.500000000;8;9473280362;B
20240129;100404;2862.000000000;41;9473280363;B
20240129;100404;2862.000000000;3;9473280364;B
20240129;100404;2862.500000000;3;9473280365;B
20240129;100404;2862.500000000;5;9473280366;B
20240129;100404;2862.500000000;4;9473280367;B
20240129;100404;2862.500000000;36;9473280368;B
20240129;100405;2861.000000000;20;9473280416;S
20240129;100405;2861.000000000;1;9473280417;S
20240129;100405;2860.500000000;1;9473280418;S
20240129;100406;2862.500000000;1;9473280612;B
20240129;100407;2862.500000000;1;9473280800;B
20240129;100409;2862.500000000;12;9473281177;B
20240129;100409;2863.000000000;1;9473281178;B
20240129;100409;2863.000000000;1;9473281179;B
20240129;100409;2863.000000000;3;9473281180;B
20240129;100409;2863.000000000;8;9473281181;B
20240129;100409;2862.000000000;1;9473281246;S
20240129;100410;2863.000000000;28;9473281516;B
20240129;100410;2863.000000000;42;9473281517;B
20240129;100411;2863.000000000;5;9473281597;B
20240129;100411;2862.000000000;1;9473281723;S
20240129;100415;2862.500000000;1;9473282240;B
20240129;100415;2863.000000000;15;9473282241;B
20240129;100417;2861.500000000;2;9473282638;S
20240129;100417;2861.500000000;3;9473282639;S
20240129;100417;2861.500000000;10;9473282640;S
20240129;100418;2863.000000000;2;9473282856;B
20240129;100418;2863.000000000;10;9473282857;B
20240129;100421;2861.500000000;2;9473283293;S
20240129;100421;2861.500000000;5;9473283381;S
20240129;100421;2862.500000000;1;9473283491;B
20240129;100421;2862.500000000;1;9473283492;B
20240129;100421;2863.000000000;37;9473283493;B
20240129;100421;2863.000000000;1;9473283494;B
20240129;100421;2863.500000000;2;9473283495;B
20240129;100421;2863.500000000;358;9473283496;B
20240129;100423;2863.000000000;25;9473283740;B
20240129;100423;2863.500000000;242;9473283741;B
20240129;100423;2864.000000000;10;9473283743;B
20240129;100423;2864.000000000;6;9473283744;B
20240129;100423;2863.500000000;1;9473283807;S
20240129;100424;2864.000000000;3;9473284159;B
20240129;100424;2864.000000000;1;9473284161;B
20240129;100424;2864.500000000;5;9473284190;B
20240129;100424;2864.500000000;42;9473284274;B
20240129;100425;2864.000000000;1;9473284324;S
20240129;100425;2864.500000000;10;9473284598;B
20240129;100426;2864.500000000;13;9473284659;B
20240129;100426;2864.500000000;5;9473284660;B
20240129;100427;2865.000000000;2;9473284901;B
20240129;100427;2865.000000000;2;9473284902;B
20240129;100427;2865.000000000;1;9473284903;B
20240129;100427;2864.000000000;1;9473284904;S
20240129;100428;2865.000000000;1;9473285064;B
20240129;100431;2864.500000000;5;9473285629;B
20240129;100431;2864.500000000;4;9473285680;B
20240129;100432;2864.500000000;1;9473285806;B
20240129;100433;2864.000000000;1;9473286035;S
20240129;100434;2864.500000000;1;9473286273;B
20240129;100434;2865.000000000;8;9473286274;B
20240129;100434;2865.000000000;6;9473286275;B
20240129;100434;2865.000000000;2;9473286276;B
20240129;100434;2865.000000000;10;9473286277;B
20240129;100434;2865.000000000;1;9473286278;B
20240129;100434;2865.000000000;15;9473286279;B
20240129;100434;2865.000000000;10;9473286280;B
20240129;100434;2865.000000000;12;9473286281;B
20240129;100434;2865.000000000;2;9473286282;B
20240129;100434;2865.000000000;28;9473286283;B
20240129;100434;2865.000000000;1;9473286284;B
20240129;100434;2865.000000000;100;9473286285;B
20240129;100434;2865.000000000;50;9473286286;B
20240129;100434;2865.000000000;8;9473286287;B
20240129;100434;2865.500000000;2;9473286288;B
20240129;100434;2865.500000000;42;9473286289;B
20240129;100434;2866.000000000;1;9473286290;B
20240129;100434;2866.000000000;19;9473286291;B
20240129;100434;2867.000000000;5;9473286292;B
20240129;100434;2867.000000000;100;9473286293;B
20240129;100434;2867.000000000;1;9473286294;B
20240129;100434;2867.500000000;1;9473286295;B
20240129;100434;2867.500000000;4;9473286296;B
20240129;100434;2867.500000000;3;9473286297;B
20240129;100434;2867.500000000;5;9473286298;B
20240129;100434;2867.500000000;40;9473286299;B
20240129;100434;2868.000000000;1;9473286300;B
20240129;100434;2869.000000000;3;9473286301;B
20240129;100434;2869.000000000;3;9473286302;B
20240129;100434;2869.500000000;10;9473286303;B
20240129;100434;2869.500000000;36;9473286304;B
20240129;100434;2869.500000000;70;9473286305;B
20240129;100435;2868.000000000;1;9473286370;B
20240129;100435;2865.500000000;1;9473286377;S
20240129;100435;2867.500000000;12;9473286395;B
20240129;100435;2867.000000000;3;9473286409;B
20240129;100435;2867.000000000;1;9473286411;B
20240129;100436;2865.500000000;15;9473286557;B
20240129;100436;2866.000000000;10;9473286558;B
20240129;100436;2866.000000000;1;9473286559;B
20240129;100436;2866.000000000;99;9473286560;B
20240129;100436;2867.000000000;10;9473286561;B
20240129;100436;2867.000000000;25;9473286562;B
20240129;100436;2867.500000000;8;9473286563;B
20240129;100437;2866.500000000;5;9473286642;B
20240129;100438;2866.500000000;25;9473286820;B
20240129;100442;2865.500000000;1;9473287428;S
20240129;100443;2866.000000000;10;9473287475;B
20240129;100443;2865.500000000;5;9473287506;S
20240129;100443;2865.500000000;19;9473287566;S
20240129;100443;2866.000000000;1;9473287578;B
20240129;100444;2866.000000000;9;9473287657;B
20240129;100444;2866.000000000;30;9473287658;S
20240129;100444;2866.000000000;10;9473287659;S
20240129;100444;2866.000000000;20;9473287660;S
20240129;100445;2866.000000000;4;9473287823;S
20240129;100449;2866.000000000;10;9473288776;S
20240129;100450;2866.000000000;25;9473288967;S
20240129;100452;2867.000000000;2;9473289273;B
20240129;100453;2867.000000000;14;9473289523;B
20240129;100453;2866.000000000;1;9473289542;S
20240129;100455;2867.000000000;4;9473289818;B
20240129;100456;2866.500000000;5;9473290074;B
20240129;100456;2866.500000000;2;9473290210;B
20240129;100457;2866.500000000;29;9473290298;B
20240129;100457;2866.500000000;19;9473290299;B
20240129;100457;2867.000000000;7;9473290300;B
20240129;100457;2867.000000000;2;9473290301;B
20240129;100457;2867.000000000;1;9473290302;B
20240129;100457;2867.000000000;20;9473290303;B
20240129;100457;2867.000000000;57;9473290304;B
20240129;100459;2866.000000000;15;9473290610;S
20240129;100459;2866.500000000;1;9473290709;B
20240129;100459;2866.500000000;2;9473290727;B
20240129;100500;2866.000000000;2;9473290866;S
20240129;100500;2866.500000000;3;9473290935;B
20240129;100501;2866.500000000;4;9473290945;B
20240129;100501;2866.000000000;74;9473291010;S
20240129;100501;2866.000000000;48;9473291011;S
20240129;100501;2865.500000000;3;9473291193;B
20240129;100502;2865.500000000;1;9473291488;B
20240129;100503;2865.500000000;32;9473291547;B
20240129;100503;2865.500000000;15;9473291548;B
20240129;100503;2866.000000000;53;9473291549;B
20240129;100504;2865.500000000;2;9473291740;B
20240129;100504;2865.000000000;1;9473291796;S
20240129;100505;2865.500000000;11;9473291916;B
20240129;100505;2865.500000000;4;9473291950;B
20240129;100506;2865.500000000;4;9473292056;B
20240129;100506;2865.000000000;3;9473292093;S
20240129;100506;2865.000000000;8;9473292094;S
20240129;100508;2865.500000000;1;9473292479;B
20240129;100508;2865.500000000;3;9473292488;B
20240129;100509;2865.000000000;1;9473292658;S
20240129;100509;2865.000000000;5;9473292659;S
20240129;100509;2864.500000000;1;9473292667;S
20240129;100512;2864.000000000;14;9473293308;S
20240129;100512;2864.000000000;7;9473293309;S
20240129;100513;2864.500000000;1;9473293417;B
20240129;100513;2864.000000000;43;9473293459;S
20240129;100513;2863.500000000;42;9473293460;S
20240129;100513;2863.000000000;15;9473293461;S
20240129;100515;2864.000000000;9;9473293725;B
20240129;100515;2864.500000000;4;9473293726;B
20240129;100515;2864.500000000;7;9473293727;B
20240129;100515;2863.000000000;2;9473293851;S
20240129;100515;2864.000000000;1;9473293888;B
20240129;100516;2863.500000000;20;9473294029;B
20240129;100516;2864.000000000;1;9473294091;B
20240129;100517;2863.000000000;40;9473294347;S
20240129;100518;2864.000000000;3;9473294407;B
20240129;100518;2864.000000000;1;9473294459;B
20240129;100518;2864.000000000;14;9473294474;B
20240129;100518;2864.500000000;8;9473294475;B
20240129;100518;2865.000000000;2;9473294476;B
20240129;100518;2865.000000000;1;9473294477;B
20240129;100518;2865.000000000;5;9473294478;B
20240129;100518;2865.500000000;5;9473294479;B
20240129;100518;2865.500000000;33;9473294480;B
20240129;100518;2863.500000000;99;9473294515;S
20240129;100518;2863.000000000;51;9473294516;S
20240129;100519;2864.000000000;35;9473294665;B
20240129;100520;2864.000000000;1;9473294769;B
20240129;100520;2864.000000000;1;9473294818;B
20240129;100520;2864.000000000;29;9473294819;B
20240129;100520;2863.500000000;1;9473294854;B
20240129;100520;2864.000000000;9;9473294855;B
20240129;100522;2863.500000000;1;9473295186;B
20240129;100522;2864.000000000;12;9473295187;B
20240129;100523;2864.000000000;1;9473295338;B
20240129;100523;2864.000000000;2;9473295420;B
20240129;100523;2864.000000000;36;9473295421;B
20240129;100524;2864.500000000;150;9473295500;B
20240129;100525;2864.000000000;1;9473295608;S
20240129;100525;2864.500000000;100;9473295640;B
20240129;100525;2865.000000000;8;9473295641;B
20240129;100525;2865.000000000;4;9473295652;B
20240129;100525;2864.000000000;20;9473295720;S
20240129;100526;2864.000000000;11;9473295920;S
20240129;100526;2864.000000000;2;9473295921;S
20240129;100526;2863.000000000;14;9473295922;S
20240129;100527;2865.000000000;1;9473296036;B
20240129;100527;2865.000000000;4;9473296037;B
20240129;100528;2864.500000000;1;9473296208;B
20240129;100528;2865.000000000;4;9473296229;B
20240129;100532;2863.000000000;1;9473297050;S
20240129;100534;2864.000000000;5;9473297401;B
20240129;100537;2863.500000000;11;9473297924;B
20240129;100537;2864.000000000;19;9473297925;B
20240129;100537;2864.000000000;2;9473297929;B
20240129;100537;2864.000000000;5;9473297952;B
20240129;100537;2863.000000000;4;9473298037;S
20240129;100537;2863.000000000;500;9473298047;S
20240129;100538;2864.000000000;1;9473298178;B
20240129;100539;2863.500000000;1;9473298295;S
20240129;100540;2864.000000000;3;9473298483;B
20240129;100540;2863.500000000;1;9473298513;S
20240129;100540;2863.500000000;3;9473298580;S
20240129;100540;2863.000000000;7;9473298581;S
20240129;100541;2864.000000000;1;9473298610;B
20240129;100541;2864.000000000;1;9473298611;B
20240129;100545;2864.000000000;45;9473299399;B
20240129;100545;2864.000000000;4;9473299400;B
20240129;100545;2864.000000000;1;9473299401;B
20240129;100545;2864.000000000;8;9473299402;B
20240129;100545;2864.000000000;6;9473299403;B
20240129;100545;2865.000000000;10;9473299404;B
20240129;100545;2863.000000000;4;9473299418;S
20240129;100547;2863.500000000;1;9473299877;S
20240129;100547;2864.000000000;2;9473299885;B
20240129;100548;2864.000000000;20;9473300086;S
20240129;100549;2863.500000000;4;9473300115;S
20240129;100549;2863.500000000;20;9473300116;S
20240129;100549;2863.000000000;16;9473300117;S
20240129;100549;2863.000000000;1;9473300148;S
20240129;100550;2864.000000000;5;9473300259;B
20240129;100550;2865.000000000;8;9473300260;B
20240129;100550;2865.000000000;1;9473300261;B
20240129;100550;2865.000000000;24;9473300262;B
20240129;100550;2865.000000000;8;9473300263;B
20240129;100550;2865.000000000;66;9473300264;B
20240129;100550;2865.000000000;10;9473300265;B
20240129;100550;2865.500000000;150;9473300266;B
20240129;100550;2865.500000000;52;9473300267;B
20240129;100553;2863.500000000;10;9473300903;S
20240129;100553;2863.000000000;37;9473300904;S
20240129;100553;2863.000000000;130;9473300905;S
20240129;100554;2865.500000000;2;9473301128;B
20240129;100555;2863.500000000;1;9473301271;S
20240129;100556;2863.500000000;4;9473301456;S
20240129;100557;2865.000000000;5;9473301722;B
20240129;100557;2865.000000000;16;9473301723;B
20240129;100601;2865.000000000;4;9473302306;B
20240129;100601;2865.000000000;2;9473302307;B
20240129;100601;2865.000000000;14;9473302308;B
20240129;100602;2864.500000000;1;9473302420;B
20240129;100602;2864.000000000;1;9473302515;S
20240129;100602;2863.500000000;3;9473302516;S
20240129;100602;2863.500000000;11;9473302517;S
20240129;100604;2864.500000000;4;9473302703;B
20240129;100604;2865.000000000;2;9473302704;B
20240129;100607;2864.000000000;30;9473303324;S
20240129;100607;2864.500000000;1;9473303406;B
20240129;100607;2864.000000000;1;9473303418;S
20240129;100608;2864.000000000;6;9473303451;S
20240129;100608;2864.000000000;1;9473303531;S
20240129;100609;2864.500000000;1;9473303692;B
20240129;100609;2864.000000000;1;9473303704;S
20240129;100609;2864.000000000;1;9473303776;S
20240129;100609;2864.000000000;19;9473303808;S
20240129;100609;2864.000000000;1;9473303809;S
20240129;100609;2864.000000000;20;9473303810;S
20240129;100610;2864.000000000;30;9473303854;S
20240129;100610;2864.000000000;30;9473303855;S
20240129;100610;2863.500000000;9;9473303856;S
20240129;100610;2863.500000000;1;9473303857;S
20240129;100610;2863.500000000;230;9473303858;S
20240129;100610;2864.500000000;1;9473303878;B
20240129;100610;2865.000000000;20;9473303879;B
20240129;100610;2864.000000000;9;9473303894;S
20240129;100610;2865.000000000;43;9473303973;B
20240129;100610;2865.000000000;15;9473303974;B
20240129;100610;2865.000000000;132;9473303975;B
20240129;100612;2865.000000000;3;9473304192;B
20240129;100612;2864.000000000;1;9473304352;S
20240129;100613;2865.000000000;109;9473304490;B
20240129;100613;2865.000000000;36;9473304491;B
20240129;100613;2865.000000000;20;9473304492;B
20240129;100613;2865.000000000;36;9473304493;B
20240129;100614;2864.000000000;5;9473304702;S
20240129;100614;2864.000000000;1;9473304703;S
20240129;100614;2864.000000000;14;9473304750;B
20240129;100618;2864.500000000;6;9473305394;B
20240129;100618;2865.000000000;4;9473305418;B
20240129;100618;2865.000000000;3;9473305419;B
20240129;100618;2865.000000000;7;9473305426;B
20240129;100618;2865.000000000;2;9473305427;B
20240129;100619;2865.000000000;30;9473305549;B
20240129;100619;2865.000000000;2;9473305609;B
20240129;100619;2865.000000000;3;9473305610;B
20240129;100620;2864.500000000;4;9473305681;S
20240129;100620;2864.500000000;7;9473305682;S
20240129;100620;2864.000000000;89;9473305683;S
20240129;100620;2865.000000000;1;9473305687;B
20240129;100620;2865.000000000;5;9473305701;B
20240129;100620;2865.500000000;1;9473305795;B
20240129;100623;2864.500000000;10;9473306518;B
20240129;100623;2864.500000000;1;9473306542;B
20240129;100623;2865.000000000;1;9473306543;B
20240129;100623;2865.000000000;1;9473306544;B
20240129;100624;2864.000000000;11;9473306753;S
20240129;100624;2864.000000000;1;9473306754;S
20240129;100624;2864.000000000;5;9473306755;S
20240129;100624;2864.000000000;4;9473306756;S
20240129;100626;2864.000000000;1;9473307362;S
20240129;100626;2863.500000000;1;9473307363;S
20240129;100628;2864.000000000;5;9473307850;S
20240129;100628;2864.000000000;1;9473307851;S
20240129;100628;2863.500000000;344;9473307852;S
20240129;100629;2863.500000000;5;9473307923;S
20240129;100630;2864.000000000;4;9473308075;B
20240129;100630;2864.000000000;1;9473308112;B
20240129;100630;2863.500000000;25;9473308126;S
20240129;100630;2863.500000000;1;9473308127;S
20240129;100630;2864.000000000;1;9473308158;B
20240129;100631;2864.000000000;10;9473308238;B
20240129;100632;2864.000000000;2;9473308338;B
20240129;100632;2864.000000000;1;9473308348;B
20240129;100632;2864.000000000;6;9473308390;B
20240129;100632;2864.500000000;4;9473308393;B
20240129;100632;2864.500000000;1;9473308442;B
20240129;100632;2864.000000000;14;9473308448;S
20240129;100632;2864.000000000;19;9473308449;S
20240129;100633;2864.000000000;1;9473308597;S
20240129;100634;2864.500000000;1;9473308708;B
20240129;100634;2864.500000000;1;9473308709;B
20240129;100634;2864.000000000;1;9473308762;S
20240129;100635;2864.500000000;1;9473308887;B
20240129;100635;2864.500000000;1;9473308962;B
20240129;100635;2864.500000000;9;9473308963;B
20240129;100636;2864.000000000;4;9473309092;S
20240129;100636;2864.000000000;1;9473309093;S
20240129;100636;2864.000000000;25;9473309094;S
20240129;100636;2864.500000000;1;9473309102;B
20240129;100638;2865.000000000;4;9473309342;B
20240129;100638;2864.500000000;8;9473309347;S
20240129;100638;2864.500000000;1;9473309386;B
20240129;100638;2864.000000000;50;9473309420;S
20240129;100639;2864.500000000;1;9473309637;B
20240129;100639;2864.000000000;2;9473309641;S
20240129;100639;2864.500000000;1;9473309707;B
20240129;100640;2864.000000000;1;9473309779;S
20240129;100640;2864.500000000;23;9473309829;B
20240129;100640;2865.000000000;2;9473309846;B
20240129;100642;2865.000000000;4;9473310181;B
20240129;100642;2864.500000000;3;9473310203;S
20240129;100643;2865.000000000;2;9473310252;B
20240129;100643;2864.500000000;13;9473310286;S
20240129;100643;2865.000000000;1;9473310305;B
20240129;100643;2865.000000000;6;9473310306;B
20240129;100643;2865.000000000;6;9473310316;B
20240129;100643;2865.000000000;10;9473310317;B
20240129;100643;2865.000000000;479;9473310318;B
20240129;100643;2865.500000000;2;9473310320;B
20240129;100643;2866.000000000;118;9473310321;B
20240129;100644;2866.000000000;1;9473310467;B
20240129;100644;2865.500000000;10;9473310530;S
20240129;100644;2865.500000000;1;9473310539;S
20240129;100644;2865.500000000;2;9473310585;S
20240129;100645;2866.000000000;3;9473310662;B
20240129;100645;2866.000000000;5;9473310705;B
20240129;100645;2865.500000000;1;9473310796;S
20240129;100646;2865.500000000;1;9473310810;S
20240129;100646;2866.000000000;5;9473310881;B
20240129;100647;2866.000000000;10;9473311030;B
20240129;100649;2865.500000000;3;9473311463;S
20240129;100649;2865.000000000;7;9473311464;S
20240129;100650;2865.500000000;3;9473311660;S
20240129;100650;2865.000000000;7;9473311661;S
20240129;100650;2866.000000000;10;9473311703;B
20240129;100651;2866.000000000;27;9473311882;B
20240129;100652;2866.000000000;1;9473311922;B
20240129;100652;2865.500000000;1;9473311973;S
20240129;100653;2866.000000000;1;9473312143;B
20240129;100654;2866.000000000;44;9473312267;B
20240129;100654;2866.000000000;50;9473312268;B
20240129;100654;2866.000000000;6;9473312269;B
20240129;100654;2866.000000000;5;9473312278;B
20240129;100654;2865.500000000;2;9473312345;S
20240129;100654;2866.000000000;2;9473312407;B
20240129;100654;2866.000000000;3;9473312444;B
20240129;100654;2866.000000000;1;9473312445;B
20240129;100654;2866.000000000;100;9473312446;B
20240129;100654;2866.000000000;100;9473312447;B
20240129;100654;2866.000000000;1;9473312448;B
20240129;100654;2866.000000000;45;9473312449;B
20240129;100655;2865.500000000;20;9473312519;S
20240129;100658;2866.500000000;4;9473313053;B
20240129;100658;2866.500000000;2;9473313054;B
20240129;100658;2866.500000000;1;9473313055;B
20240129;100659;2866.000000000;1;9473313315;B
20240129;100659;2866.000000000;1;9473313316;B
20240129;100659;2866.500000000;1;9473313321;B
20240129;100659;2866.500000000;1;9473313356;B
20240129;100700;2866.000000000;1;9473313555;B
20240129;100700;2866.500000000;15;9473313574;B
20240129;100702;2866.500000000;2;9473313744;B
20240129;100702;2866.000000000;1;9473313821;B
20240129;100702;2866.000000000;10;9473313824;B
20240129;100702;2865.500000000;9;9473313843;S
20240129;100702;2866.000000000;4;9473313852;B
20240129;100702;2866.500000000;1;9473313853;B
20240129;100703;2866.500000000;45;9473313878;B
20240129;100703;2866.500000000;3;9473313897;B
20240129;100705;2866.500000000;10;9473314169;B
20240129;100705;2866.500000000;5;9473314320;B
20240129;100706;2866.000000000;1;9473314393;S
20240129;100706;2866.500000000;9;9473314436;B
20240129;100706;2866.500000000;1;9473314468;B
20240129;100707;2866.000000000;1;9473314564;S
20240129;100707;2866.500000000;1;9473314608;B
20240129;100707;2866.500000000;35;9473314647;B
20240129;100708;2866.500000000;5;9473314844;B
20240129;100708;2866.500000000;63;9473314855;B
20240129;100708;2866.500000000;1;9473314856;B
20240129;100708;2867.000000000;36;9473314857;B
20240129;100709;2866.000000000;3;9473314912;S
20240129;100711;2867.000000000;1;9473315275;B
20240129;100712;2867.000000000;1;9473315575;B
20240129;100713;2867.000000000;3;9473315629;B
20240129;100713;2867.000000000;37;9473315668;B
20240129;100713;2866.500000000;10;9473315686;S
20240129;100713;2867.000000000;2;9473315719;B
20240129;100714;2866.500000000;2;9473315785;S
20240129;100714;2866.500000000;36;9473315786;S
20240129;100714;2866.500000000;1;9473315787;S
20240129;100714;2866.500000000;3;9473315817;B
20240129;100714;2867.000000000;120;9473315818;B
20240129;100714;2867.000000000;60;9473315819;B
20240129;100714;2867.000000000;3;9473315820;B
20240129;100714;2867.000000000;8;9473315821;B
20240129;100714;2867.000000000;2;9473315832;B
20240129;100714;2867.000000000;1;9473315864;B
20240129;100714;2867.000000000;4;9473315882;B
20240129;100715;2867.000000000;1;9473315997;B
20240129;100715;2867.000000000;2;9473316064;B
20240129;100715;2867.000000000;1;9473316065;B
20240129;100715;2867.000000000;1;9473316111;B
20240129;100715;2867.000000000;13;9473316175;B
20240129;100715;2867.000000000;1;9473316176;B
20240129;100716;2866.500000000;1;9473316206;S
20240129;100716;2866.500000000;10;9473316230;S
20240129;100716;2867.000000000;1;9473316282;B
20240129;100716;2867.000000000;2;9473316307;B
20240129;100717;2867.000000000;2;9473316386;B
20240129;100717;2867.000000000;44;9473316395;B
20240129;100717;2867.000000000;6;9473316396;B
20240129;100717;2867.000000000;5;9473316463;B
20240129;100718;2867.000000000;62;9473316496;B
20240129;100718;2867.000000000;1;9473316500;B
20240129;100718;2867.000000000;2;9473316528;B
20240129;100718;2867.000000000;1;9473316542;B
20240129;100718;2866.500000000;4;9473316666;S
20240129;100719;2867.000000000;2;9473316737;B
20240129;100720;2867.000000000;13;9473316886;B
20240129;100720;2867.000000000;3;9473317001;B
20240129;100721;2867.500000000;40;9473317077;B
20240129;100721;2867.500000000;1;9473317113;B
20240129;100722;2867.500000000;9;9473317241;B
20240129;100724;2867.000000000;9;9473317560;S
20240129;100724;2867.000000000;1;9473317561;S
20240129;100724;2867.000000000;2;9473317569;B
20240129;100724;2866.500000000;3;9473317649;S
20240129;100724;2867.000000000;57;9473317708;B
20240129;100724;2867.500000000;6;9473317709;B
20240129;100725;2868.000000000;1;9473317758;B
20240129;100725;2868.000000000;1;9473317797;B
20240129;100725;2868.000000000;1;9473317798;B
20240129;100725;2867.500000000;31;9473317799;S
20240129;100725;2868.000000000;1;9473317845;B
20240129;100725;2868.000000000;6;9473317846;B
20240129;100725;2868.000000000;1;9473317847;B
20240129;100725;2868.000000000;2;9473317848;B
20240129;100726;2868.000000000;5;9473318076;B
20240129;100726;2867.500000000;14;9473318078;S
20240129;100726;2867.500000000;1;9473318087;B
20240129;100728;2867.500000000;3;9473318264;B
20240129;100728;2867.500000000;2;9473318286;B
20240129;100728;2867.500000000;2;9473318287;B
20240129;100728;2867.500000000;1;9473318363;B
20240129;100729;2867.500000000;9;9473318387;B
20240129;100729;2868.000000000;2;9473318524;B
20240129;100729;2868.000000000;1;9473318529;B
20240129;100730;2868.000000000;1;9473318770;B
20240129;100731;2868.000000000;16;9473318889;B
20240129;100733;2868.000000000;1;9473319261;B
20240129;100734;2868.000000000;206;9473319326;B
20240129;100734;2868.000000000;7;9473319327;B
20240129;100734;2868.000000000;50;9473319328;B
20240129;100735;2868.500000000;18;9473319463;B
20240129;100735;2868.500000000;2;9473319464;B
20240129;100735;2868.000000000;9;9473319590;S
20240129;100736;2868.000000000;1;9473319844;S
20240129;100737;2868.500000000;1;9473319962;B
20240129;100737;2868.500000000;2;9473319963;B
20240129;100737;2868.500000000;1;9473319975;B
20240129;100738;2868.000000000;1;9473320057;S
20240129;100738;2868.000000000;1;9473320124;S
20240129;100739;2868.500000000;7;9473320212;B
20240129;100739;2868.500000000;1;9473320213;B
20240129;100739;2868.500000000;1;9473320214;B
20240129;100739;2868.500000000;30;9473320215;B
20240129;100739;2869.000000000;1;9473320319;B
20240129;100739;2868.500000000;4;9473320326;S
20240129;100740;2869.000000000;20;9473320423;B
20240129;100740;2868.500000000;50;9473320430;S
20240129;100741;2869.000000000;2;9473320605;B
20240129;100741;2869.000000000;50;9473320683;B
20240129;100742;2868.500000000;1;9473320802;S
20240129;100743;2868.500000000;36;9473320988;S
20240129;100743;2869.000000000;12;9473321018;B
20240129;100744;2869.000000000;1;9473321119;B
20240129;100744;2869.000000000;4;9473321177;B
20240129;100745;2869.000000000;1;9473321336;B
20240129;100745;2869.000000000;10;9473321441;B
20240129;100746;2869.000000000;1;9473321531;B
20240129;100748;2869.000000000;10;9473321734;B
20240129;100748;2868.500000000;20;9473321795;S
20240129;100748;2869.000000000;1;9473321820;B
20240129;100748;2869.000000000;3;9473321841;B
20240129;100748;2868.500000000;1;9473321843;S
20240129;100750;2869.000000000;1;9473321983;B
20240129;100750;2869.000000000;63;9473321994;B
20240129;100750;2869.000000000;1;9473321995;B
20240129;100750;2869.000000000;15;9473321996;B
20240129;100750;2869.000000000;359;9473321997;B
20240129;100750;2868.500000000;1;9473322022;S
20240129;100750;2869.000000000;5;9473322065;B
20240129;100750;2869.000000000;1;9473322102;B
20240129;100750;2869.000000000;1;9473322116;B
20240129;100751;2869.000000000;10;9473322153;B
20240129;100751;2869.000000000;1;9473322238;B
20240129;100752;2869.000000000;4;9473322295;B
20240129;100753;2869.000000000;20;9473322474;B
20240129;100753;2869.000000000;5;9473322589;B
20240129;100754;2869.000000000;2;9473322787;B
20240129;100755;2869.000000000;10;9473323138;B
20240129;100756;2869.000000000;50;9473323272;B
20240129;100757;2869.000000000;6;9473323374;B
20240129;100757;2869.000000000;28;9473323417;B
20240129;100757;2868.500000000;20;9473323446;S
20240129;100757;2868.500000000;1;9473323466;S
20240129;100758;2869.000000000;3;9473323568;B
20240129;100758;2869.000000000;1;9473323640;B
20240129;100759;2869.000000000;494;9473323715;B
20240129;100759;2869.000000000;100;9473323716;B
20240129;100759;2869.000000000;1;9473323717;B
20240129;100759;2869.000000000;1;9473323718;B
20240129;100759;2869.000000000;4;9473323719;B
20240129;100800;2868.500000000;1;9473323860;S
20240129;100800;2869.000000000;1;9473323890;B
20240129;100800;2869.000000000;4;9473323891;B
20240129;100800;2869.000000000;6;9473323952;B
20240129;100800;2869.000000000;1;9473323953;B
20240129;100800;2869.000000000;17;9473323954;B
20240129;100800;2869.000000000;26;9473323955;B
20240129;100800;2869.000000000;25;9473323956;B
20240129;100800;2869.000000000;20;9473323979;B
20240129;100800;2869.000000000;15;9473323980;B
20240129;100800;2869.000000000;8;9473323981;B
20240129;100801;2869.000000000;1;9473324120;B
20240129;100801;2869.000000000;18;9473324329;B
20240129;100802;2869.000000000;6;9473324375;B
20240129;100802;2869.000000000;2;9473324377;B
20240129;100802;2869.000000000;5;9473324378;B
20240129;100802;2869.500000000;277;9473324379;B
20240129;100802;2869.500000000;150;9473324472;B
20240129;100802;2869.500000000;6;9473324554;B
20240129;100803;2869.500000000;100;9473324587;B
20240129;100803;2869.500000000;300;9473324594;B
20240129;100803;2869.500000000;120;9473324603;B
20240129;100803;2869.500000000;19;9473324605;B
20240129;100803;2869.500000000;1;9473324641;B
20240129;100803;2869.500000000;2;9473324720;B
20240129;100803;2869.500000000;1;9473324740;B
20240129;100803;2869.500000000;2;9473324744;B
20240129;100803;2869.500000000;30;9473324760;B
20240129;100804;2869.500000000;17;9473324826;B
20240129;100804;2870.000000000;2;9473324827;B
20240129;100804;2870.000000000;1;9473324828;B
20240129;100804;2870.000000000;1;9473324829;B
20240129;100804;2870.000000000;1;9473324830;B
20240129;100804;2870.000000000;1;9473324831;B
20240129;100804;2870.000000000;1;9473324832;B
20240129;100804;2870.000000000;7;9473324833;B
20240129;100804;2869.500000000;1;9473324834;S
20240129;100804;2869.000000000;2;9473324835;S
20240129;100804;2869.500000000;9;9473324974;B
20240129;100804;2870.000000000;3;9473324975;B
20240129;100804;2870.000000000;15;9473324976;B
20240129;100804;2870.000000000;2;9473324977;B
20240129;100804;2870.000000000;1;9473324978;B
20240129;100804;2870.000000000;1;9473324979;B
20240129;100804;2870.000000000;20;9473324980;B
20240129;100804;2870.000000000;3;9473324981;B
20240129;100804;2870.000000000;162;9473324982;B
20240129;100804;2870.000000000;1;9473324983;B
20240129;100804;2870.000000000;132;9473324984;B
20240129;100804;2870.000000000;1;9473324985;B
20240129;100805;2869.000000000;10;9473325043;S
20240129;100805;2869.000000000;1;9473325076;S
20240129;100805;2870.000000000;2;9473325112;B
20240129;100805;2870.000000000;4;9473325122;B
20240129;100807;2869.500000000;1;9473325750;S
20240129;100808;2870.000000000;8;9473325951;B
20240129;100808;2870.000000000;1;9473325952;B
20240129;100808;2870.000000000;2;9473325953;B
20240129;100808;2870.000000000;15;9473325954;B
20240129;100808;2870.000000000;90;9473325955;B
20240129;100809;2870.000000000;3;9473326154;B
20240129;100809;2870.000000000;50;9473326188;B
20240129;100809;2870.000000000;9;9473326282;B
20240129;100809;2870.000000000;1;9473326296;B
20240129;100809;2870.000000000;64;9473326310;B
20240129;100809;2870.000000000;1;9473326311;B
20240129;100809;2870.000000000;10;9473326312;B
20240129;100809;2870.000000000;1;9473326313;B
20240129;100809;2870.000000000;100;9473326314;B
20240129;100809;2870.000000000;24;9473326315;B
20240129;100810;2870.000000000;1;9473326336;B
20240129;100811;2870.000000000;3;9473326709;B
20240129;100812;2869.500000000;15;9473326748;S
20240129;100812;2870.000000000;1;9473326812;B
20240129;100812;2870.000000000;18;9473326827;B
20240129;100812;2870.000000000;2;9473326828;B
20240129;100812;2870.000000000;154;9473326829;B
20240129;100812;2869.500000000;1;9473326830;S
20240129;100812;2870.000000000;231;9473326848;B
20240129;100813;2869.500000000;1;9473326966;S
20240129;100813;2869.500000000;6;9473326988;S
20240129;100813;2869.500000000;1;9473326989;S
20240129;100813;2869.500000000;3;9473327001;B
20240129;100813;2870.000000000;115;9473327002;B
20240129;100813;2870.000000000;3;9473327003;B
20240129;100813;2870.000000000;133;9473327004;B
20240129;100813;2870.000000000;1;9473327006;B
20240129;100814;2870.000000000;1;9473327098;B
20240129;100814;2870.000000000;1;9473327122;B
20240129;100815;2870.000000000;5;9473327262;B
20240129;100819;2870.000000000;3;9473327911;B
20240129;100821;2870.000000000;1;9473328153;B
20240129;100821;2869.000000000;14;9473328216;S
20240129;100821;2869.000000000;10;9473328217;S
20240129;100821;2868.500000000;1;9473328218;S
20240129;100821;2868.500000000;1;9473328219;S
20240129;100821;2868.500000000;36;9473328220;S
20240129;100821;2868.500000000;12;9473328221;S
20240129;100821;2868.500000000;10;9473328222;S
20240129;100821;2868.000000000;4;9473328223;S
20240129;100821;2868.000000000;1;9473328224;S
20240129;100821;2868.000000000;21;9473328225;S
20240129;100821;2870.000000000;5;9473328301;B
20240129;100821;2870.000000000;1;9473328302;B
20240129;100822;2870.000000000;2;9473328328;B
20240129;100822;2870.000000000;1;9473328329;B
20240129;100822;2870.000000000;1;9473328330;B
20240129;100822;2870.000000000;6;9473328331;B
20240129;100824;2869.500000000;5;9473328792;B
20240129;100826;2868.000000000;4;9473329151;S
20240129;100826;2868.000000000;9;9473329152;S
20240129;100826;2870.000000000;4;9473329283;B
20240129;100826;2870.000000000;1;9473329284;B
20240129;100827;2870.000000000;1;9473329343;B
20240129;100827;2870.000000000;4;9473329344;B
20240129;100827;2870.000000000;5;9473329345;B
20240129;100827;2870.000000000;35;9473329474;B
20240129;100827;2870.000000000;11;9473329475;B
20240129;100827;2870.000000000;5;9473329476;B
20240129;100827;2870.000000000;23;9473329477;B
20240129;100827;2870.000000000;1;9473329478;B
20240129;100827;2870.000000000;1;9473329479;B
20240129;100828;2870.500000000;3;9473329537;B
20240129;100830;2870.500000000;2;9473330006;B
20240129;100830;2870.500000000;3;9473330007;B
20240129;100830;2870.000000000;3;9473330061;S
20240129;100831;2870.000000000;14;9473330093;S
20240129;100831;2870.000000000;15;9473330194;S
20240129;100831;2870.500000000;2;9473330235;B
20240129;100832;2870.000000000;12;9473330522;S
20240129;100832;2870.000000000;4;9473330523;S
20240129;100832;2870.000000000;4;9473330524;S
20240129;100832;2870.000000000;8;9473330581;B
20240129;100833;2870.000000000;1;9473330663;B
20240129;100833;2870.000000000;1;9473330689;B
20240129;100833;2870.000000000;24;9473330690;B
20240129;100833;2870.000000000;1;9473330728;B
20240129;100835;2870.500000000;1;9473331007;B
20240129;100835;2870.500000000;1;9473331046;B
20240129;100835;2870.500000000;3;9473331104;B
20240129;100835;2870.500000000;100;9473331105;B
20240129;100835;2870.500000000;36;9473331106;B
20240129;100835;2871.000000000;41;9473331107;B
20240129;100835;2870.000000000;1;9473331113;S
20240129;100837;2870.500000000;1;9473331390;B
20240129;100837;2870.000000000;4;9473331420;S
20240129;100838;2870.500000000;8;9473331494;B
20240129;100838;2870.000000000;1;9473331588;S
20240129;100838;2871.000000000;6;9473331636;B
20240129;100838;2871.000000000;2;9473331637;B
20240129;100838;2871.000000000;1;9473331638;B
20240129;100838;2871.000000000;1;9473331639;B
20240129;100839;2871.000000000;1;9473331687;B
20240129;100839;2871.000000000;3;9473331688;B
20240129;100839;2870.500000000;25;9473331702;B
20240129;100839;2870.000000000;1;9473331758;S
20240129;100839;2870.500000000;1;9473331759;B
20240129;100839;2870.000000000;3;9473331811;S
20240129;100839;2870.000000000;1;9473331812;S
20240129;100839;2870.000000000;47;9473331813;S
20240129;100841;2870.500000000;3;9473332176;B
20240129;100841;2870.500000000;10;9473332222;B
20240129;100842;2870.500000000;7;9473332278;B
20240129;100842;2870.000000000;8;9473332342;S
20240129;100843;2870.500000000;1;9473332475;B
20240129;100844;2870.500000000;25;9473332802;B
20240129;100844;2871.000000000;12;9473332803;B
20240129;100845;2871.000000000;1;9473332893;B
20240129;100845;2871.000000000;17;9473332922;B
20240129;100846;2871.000000000;10;9473333037;B
20240129;100848;2870.500000000;1;9473333416;S
20240129;100849;2871.000000000;1;9473333572;B
20240129;100849;2871.000000000;6;9473333573;B
20240129;100850;2871.000000000;1;9473333813;B
20240129;100851;2871.000000000;1;9473333970;B
20240129;100852;2870.500000000;2;9473334057;S
20240129;100852;2871.000000000;15;9473334129;B
20240129;100853;2870.500000000;2;9473334210;S
20240129;100853;2870.500000000;1;9473334211;S
20240129;100853;2870.500000000;4;9473334281;S
20240129;100853;2870.500000000;1;9473334282;S
20240129;100853;2870.500000000;36;9473334283;S
20240129;100853;2870.500000000;4;9473334284;S
20240129;100854;2870.000000000;1;9473334507;S
20240129;100854;2870.500000000;1;9473334520;B
20240129;100855;2870.500000000;1;9473334708;B
20240129;100855;2870.500000000;5;9473334728;B
20240129;100855;2870.500000000;10;9473334839;B
20240129;100856;2870.500000000;2;9473335232;B
20240129;100857;2870.500000000;10;9473335297;B
20240129;100857;2870.500000000;40;9473335441;B
20240129;100858;2870.500000000;15;9473335461;B
20240129;100858;2870.500000000;11;9473335482;B
20240129;100858;2870.000000000;2;9473335529;S
20240129;100858;2870.500000000;1;9473335531;B
20240129;100858;2871.000000000;2;9473335538;B
20240129;100858;2871.000000000;2;9473335539;B
20240129;100858;2871.000000000;8;9473335542;B
20240129;100858;2871.000000000;4;9473335543;B
20240129;100858;2870.500000000;1;9473335561;S
20240129;100859;2871.000000000;1;9473335649;B
20240129;100859;2871.000000000;2;9473335650;B
20240129;100859;2871.000000000;48;9473335688;B
20240129;100859;2871.000000000;10;9473335689;B
20240129;100859;2871.500000000;2;9473335690;B
20240129;100900;2871.000000000;2;9473335783;B
20240129;100900;2871.000000000;1;9473335809;B
20240129;100900;2870.000000000;369;9473335885;S
20240129;100901;2871.000000000;4;9473335999;B
20240129;100901;2871.000000000;2;9473336014;B
20240129;100902;2870.500000000;4;9473336230;S
20240129;100902;2871.000000000;10;9473336233;B
20240129;100904;2870.500000000;1;9473336501;S
20240129;100904;2871.000000000;1;9473336571;B
20240129;100907;2871.000000000;1;9473337032;S
20240129;100907;2871.000000000;5;9473337033;S
20240129;100907;2871.500000000;1;9473337076;B
20240129;100907;2871.500000000;1;9473337077;B
20240129;100908;2871.000000000;3;9473337240;S
20240129;100908;2871.500000000;4;9473337330;B
20240129;100909;2871.500000000;1;9473337400;B
20240129;100909;2871.500000000;5;9473337485;B
20240129;100911;2871.500000000;1;9473337725;B
20240129;100911;2871.500000000;21;9473337793;B
20240129;100911;2872.000000000;2;9473337794;B
20240129;100911;2872.000000000;2;9473337795;B
20240129;100912;2872.000000000;12;9473337831;B
20240129;100914;2871.500000000;36;9473338153;S
20240129;100914;2871.500000000;14;9473338154;S
20240129;100914;2871.500000000;56;9473338186;S
20240129;100914;2871.000000000;155;9473338187;S
20240129;100914;2871.000000000;122;9473338188;S
20240129;100914;2871.000000000;1;9473338189;S
20240129;100914;2871.000000000;7;9473338190;S
20240129;100914;2871.000000000;5;9473338191;S
20240129;100914;2871.000000000;1;9473338192;S
20240129;100914;2871.000000000;30;9473338193;B
20240129;100914;2871.000000000;9;9473338199;B
20240129;100915;2871.000000000;13;9473338301;B
20240129;100915;2871.000000000;10;9473338314;B
20240129;100915;2871.000000000;10;9473338417;B
20240129;100915;2871.000000000;1;9473338428;B
20240129;100915;2871.000000000;2;9473338492;B
20240129;100916;2871.000000000;100;9473338562;B
20240129;100917;2871.000000000;2;9473338805;B
20240129;100917;2871.000000000;1;9473338834;B
20240129;100918;2871.000000000;1;9473339020;B
20240129;100918;2871.000000000;1;9473339034;B
20240129;100918;2871.000000000;35;9473339046;B
20240129;100919;2871.000000000;70;9473339209;B
20240129;100919;2871.000000000;1;9473339223;B
20240129;100921;2871.000000000;13;9473339552;B
20240129;100921;2871.500000000;1;9473339553;B
20240129;100921;2871.500000000;5;9473339554;B
20240129;100922;2871.500000000;2;9473339813;S
20240129;100924;2871.500000000;155;9473340198;S
20240129;100924;2872.000000000;1;9473340308;B
20240129;100924;2872.000000000;10;9473340309;B
20240129;100924;2872.000000000;2;9473340310;B
20240129;100924;2872.000000000;7;9473340311;B
20240129;100924;2871.500000000;4;9473340318;S
20240129;100924;2871.500000000;1;9473340343;S
20240129;100924;2872.000000000;1;9473340347;B
20240129;100925;2871.500000000;1;9473340501;S
20240129;100926;2872.000000000;1;9473340551;B
20240129;100926;2872.000000000;15;9473340552;B
20240129;100926;2872.000000000;5;9473340629;B
20240129;100926;2871.500000000;2;9473340669;S
20240129;100926;2872.000000000;5;9473340764;B
20240129;100927;2872.000000000;6;9473340840;B
20240129;100927;2872.000000000;83;9473340841;B
20240129;100927;2872.000000000;1;9473340842;B
20240129;100930;2871.500000000;5;9473341186;S
20240129;100930;2872.000000000;5;9473341293;B
20240129;100930;2872.000000000;2;9473341294;B
20240129;100930;2872.000000000;1;9473341295;B
20240129;100930;2872.000000000;5;9473341296;B
20240129;100930;2872.000000000;1;9473341297;B
20240129;100930;2872.500000000;3;9473341298;B
20240129;100930;2873.000000000;1;9473341299;B
20240129;100930;2873.000000000;70;9473341300;B
20240129;100930;2873.000000000;10;9473341301;B
20240129;100930;2873.000000000;2;9473341302;B
20240129;100930;2873.500000000;5;9473341303;B
20240129;100930;2873.500000000;1;9473341304;B
20240129;100930;2874.000000000;20;9473341305;B
20240129;100930;2874.000000000;35;9473341306;B
20240129;100930;2874.000000000;119;9473341307;B
20240129;100930;2874.000000000;1;9473341320;B
20240129;100931;2872.500000000;1;9473341418;B
20240129;100931;2872.000000000;7;9473341508;B
20240129;100931;2872.500000000;19;9473341509;B
20240129;100931;2872.500000000;1;9473341510;B
20240129;100931;2873.000000000;2;9473341511;B
20240129;100931;2873.000000000;1;9473341512;B
20240129;100932;2873.000000000;1;9473341520;B
20240129;100934;2873.000000000;1;9473341957;B
20240129;100934;2873.500000000;29;9473341958;B
20240129;100934;2873.500000000;10;9473342000;B
20240129;100936;2872.500000000;10;9473342244;S
20240129;100936;2872.000000000;1;9473342245;S
20240129;100936;2872.000000000;4;9473342246;S
20240129;100937;2873.000000000;1;9473342395;B
20240129;100937;2873.500000000;1;9473342396;B
20240129;100940;2873.000000000;2;9473342768;B
20240129;100941;2873.000000000;1;9473342958;B
20240129;100943;2873.000000000;7;9473343288;B
20240129;100943;2873.000000000;3;9473343289;B
20240129;100943;2872.500000000;4;9473343407;S
20240129;100944;2873.000000000;3;9473343482;B
20240129;100944;2872.500000000;1;9473343558;S
20240129;100945;2873.000000000;2;9473343667;B
20240129;100945;2873.000000000;13;9473343725;B
20240129;100945;2873.000000000;2;9473343726;B
20240129;100945;2873.000000000;12;9473343727;B
20240129;100945;2873.000000000;1;9473343745;B
20240129;100945;2873.000000000;1;9473343781;B
20240129;100946;2873.000000000;4;9473343916;B
20240129;100946;2872.500000000;1;9473343952;S
20240129;100946;2872.500000000;2;9473343953;S
20240129;100946;2872.000000000;1;9473343954;S
20240129;100947;2872.000000000;10;9473344148;S
20240129;100948;2872.500000000;1;9473344345;B
20240129;100948;2872.500000000;8;9473344356;B
20240129;100948;2872.500000000;7;9473344357;B
20240129;100949;2872.500000000;2;9473344416;B
20240129;100949;2872.500000000;1;9473344418;B
20240129;100950;2872.500000000;3;9473344645;B
20240129;100950;2872.500000000;2;9473344659;B
20240129;100951;2872.500000000;3;9473344739;B
20240129;100951;2872.500000000;1;9473344740;B
20240129;100953;2872.500000000;4;9473345144;B
20240129;100953;2872.500000000;10;9473345145;B
20240129;100954;2872.500000000;2;9473345160;B
20240129;100955;2872.500000000;9;9473345354;B
20240129;100956;2872.500000000;10;9473345457;B
20240129;100956;2872.500000000;5;9473345496;B
20240129;100956;2872.500000000;2;9473345533;B
20240129;100957;2873.000000000;95;9473345635;B
20240129;100958;2872.500000000;1;9473345686;S
20240129;100958;2873.000000000;60;9473345714;B
20240129;100958;2873.000000000;1;9473345737;B
20240129;100958;2874.000000000;4;9473345738;B
20240129;100959;2873.000000000;1;9473345797;S
20240129;100959;2874.000000000;60;9473345814;B
20240129;101000;2874.000000000;24;9473346007;B
20240129;101000;2873.000000000;19;9473346030;S
20240129;101000;2873.000000000;1;9473346031;S
20240129;101001;2873.000000000;1;9473346085;S
20240129;101002;2874.000000000;3;9473346519;B
20240129;101003;2874.000000000;3;9473346678;B
20240129;101003;2874.000000000;36;9473346777;B
20240129;101003;2874.000000000;1;9473346778;B
20240129;101003;2874.000000000;4;9473346779;B
20240129;101003;2874.000000000;459;9473346780;B
20240129;101003;2874.000000000;22;9473346806;B
20240129;101003;2874.000000000;500;9473346813;B
20240129;101003;2874.000000000;19;9473346824;B
20240129;101004;2874.000000000;14;9473346923;B
20240129;101004;2874.500000000;1;9473346957;B
20240129;101004;2874.500000000;1;9473346958;B
20240129;101004;2874.500000000;5;9473346959;B
20240129;101004;2874.500000000;1;9473346960;B
20240129;101004;2874.500000000;1;9473346961;B
20240129;101004;2874.500000000;1;9473346962;B
20240129;101004;2874.500000000;1;9473346963;B
20240129;101005;2874.000000000;3;9473346996;S
20240129;101005;2874.500000000;19;9473347016;B
20240129;101005;2874.500000000;18;9473347047;S
20240129;101005;2875.000000000;2;9473347050;B
20240129;101005;2875.000000000;50;9473347051;B
20240129;101005;2875.000000000;10;9473347052;B
20240129;101005;2875.000000000;15;9473347053;B
20240129;101005;2875.000000000;40;9473347054;B
20240129;101005;2875.000000000;28;9473347055;B
20240129;101005;2874.500000000;2;9473347080;S
20240129;101005;2875.000000000;4;9473347180;B
20240129;101005;2875.000000000;18;9473347186;B
20240129;101005;2875.000000000;10;9473347187;B
20240129;101005;2875.000000000;10;9473347188;B
20240129;101005;2875.000000000;12;9473347189;B
20240129;101005;2875.000000000;14;9473347200;B
20240129;101005;2875.000000000;1;9473347201;B
20240129;101005;2875.000000000;8;9473347209;B
20240129;101006;2874.500000000;5;9473347221;S
20240129;101006;2875.000000000;35;9473347249;B
20240129;101006;2875.000000000;6;9473347294;B
20240129;101006;2874.500000000;6;9473347298;S
20240129;101006;2874.500000000;4;9473347303;B
20240129;101006;2875.000000000;6;9473347304;B
20240129;101006;2874.000000000;1;9473347316;S
20240129;101006;2874.500000000;1;9473347396;S
20240129;101006;2875.000000000;76;9473347414;B
20240129;101007;2875.000000000;68;9473347558;B
20240129;101007;2875.000000000;1;9473347559;B
20240129;101007;2875.000000000;1;9473347560;B
20240129;101007;2875.000000000;3;9473347561;B
20240129;101007;2875.000000000;1;9473347562;B
20240129;101007;2875.000000000;2;9473347563;B
20240129;101007;2875.000000000;22;9473347564;B
20240129;101007;2875.000000000;1;9473347565;B
20240129;101007;2875.000000000;50;9473347566;S
20240129;101007;2875.000000000;50;9473347567;S
20240129;101007;2875.000000000;10;9473347568;S
20240129;101007;2875.000000000;1;9473347570;S
20240129;101007;2875.000000000;5;9473347621;S
20240129;101007;2875.500000000;1;9473347675;S
20240129;101007;2875.000000000;29;9473347676;S
20240129;101007;2874.500000000;40;9473347678;S
20240129;101007;2874.000000000;28;9473347679;S
20240129;101007;2875.000000000;2;9473347683;B
20240129;101008;2873.500000000;10;9473347704;S
20240129;101008;2873.500000000;7;9473347737;B
20240129;101008;2873.000000000;1;9473347758;S
20240129;101008;2873.000000000;4;9473347759;S
20240129;101008;2873.000000000;20;9473347760;S
20240129;101008;2872.500000000;2;9473347761;S
20240129;101008;2872.500000000;3;9473347762;S
20240129;101008;2873.500000000;1;9473347787;B
20240129;101010;2874.000000000;1;9473348165;S
20240129;101011;2874.500000000;1;9473348346;S
20240129;101011;2874.500000000;4;9473348347;S
20240129;101011;2875.000000000;1;9473348392;B
20240129;101011;2874.500000000;20;9473348430;S
20240129;101011;2874.000000000;9;9473348431;S
20240129;101011;2873.500000000;36;9473348432;S
20240129;101011;2873.000000000;160;9473348433;S
20240129;101012;2872.000000000;19;9473348478;S
20240129;101012;2872.500000000;3;9473348548;B
20240129;101013;2872.500000000;1;9473348751;B
20240129;101013;2872.500000000;1;9473348752;B
20240129;101013;2872.500000000;2;9473348753;B
20240129;101014;2872.000000000;50;9473348922;S
20240129;101015;2872.500000000;2;9473348939;B
20240129;101015;2872.500000000;2;9473348940;B
20240129;101015;2872.500000000;3;9473348957;B
20240129;101015;2872.500000000;2;9473348958;B
20240129;101015;2872.500000000;1;9473348959;B
20240129;101015;2873.000000000;50;9473349038;B
20240129;101016;2873.000000000;50;9473349186;B
20240129;101016;2873.000000000;40;9473349187;B
20240129;101016;2873.000000000;17;9473349191;B
20240129;101016;2873.000000000;10;9473349193;B
20240129;101017;2873.000000000;30;9473349379;B
20240129;101017;2873.000000000;2;9473349581;B
20240129;101018;2873.000000000;2;9473349653;B
20240129;101018;2873.000000000;15;9473349713;B
20240129;101018;2873.000000000;75;9473349780;B
20240129;101018;2872.500000000;4;9473349791;S
20240129;101018;2872.500000000;3;9473349792;S
20240129;101018;2873.000000000;11;9473349806;B
20240129;101018;2872.500000000;33;9473349807;S
20240129;101019;2872.500000000;17;9473349819;B
20240129;101019;2872.500000000;3;9473349820;B
20240129;101019;2872.500000000;10;9473349891;B
20240129;101019;2872.500000000;55;9473349972;B
20240129;101020;2872.500000000;100;9473350146;B
20240129;101021;2872.000000000;2;9473350203;S
20240129;101022;2872.500000000;33;9473350346;B
20240129;101022;2872.500000000;1;9473350377;B
20240129;101022;2872.000000000;50;9473350405;S
20240129;101023;2872.500000000;15;9473350472;B
20240129;101024;2872.500000000;5;9473350637;B
20240129;101024;2872.000000000;20;9473350655;S
20240129;101024;2872.000000000;48;9473350706;S
20240129;101024;2872.000000000;2;9473350707;S
20240129;101025;2872.000000000;2;9473350774;B
20240129;101026;2872.000000000;1;9473350920;B
20240129;101026;2871.500000000;11;9473350975;S
20240129;101026;2871.500000000;9;9473350976;S
20240129;101027;2872.500000000;9;9473351078;B
20240129;101027;2872.000000000;3;9473351085;S
20240129;101027;2871.500000000;1;9473351190;S
20240129;101027;2871.500000000;3;9473351191;S
20240129;101027;2871.500000000;61;9473351192;S
20240129;101027;2871.500000000;9;9473351193;S
20240129;101028;2871.500000000;2;9473351228;B
20240129;101028;2871.500000000;40;9473351304;B
20240129;101028;2871.500000000;50;9473351305;B
20240129;101028;2871.500000000;8;9473351308;B
20240129;101028;2871.500000000;2;9473351325;S
20240129;101028;2871.500000000;2;9473351326;S
20240129;101028;2871.000000000;15;9473351327;S
20240129;101028;2871.000000000;116;9473351328;S
20240129;101033;2871.500000000;10;9473352138;B
20240129;101033;2871.000000000;10;9473352140;S
20240129;101033;2871.500000000;4;9473352177;B
20240129;101033;2871.000000000;55;9473352178;S
20240129;101033;2871.500000000;4;9473352200;B
20240129;101034;2871.500000000;7;9473352297;B
20240129;101034;2871.500000000;11;9473352298;B
20240129;101035;2871.000000000;35;9473352466;S
20240129;101035;2871.000000000;284;9473352488;S
20240129;101035;2871.000000000;20;9473352489;S
20240129;101036;2870.500000000;15;9473352687;S
20240129;101036;2870.500000000;67;9473352688;S
20240129;101036;2871.000000000;221;9473352813;B
20240129;101036;2871.000000000;36;9473352814;B
20240129;101036;2871.500000000;16;9473352815;B
20240129;101036;2872.000000000;10;9473352816;B
20240129;101036;2872.000000000;39;9473352817;B
20240129;101036;2872.000000000;1;9473352818;B
20240129;101036;2872.500000000;19;9473352819;B
20240129;101036;2872.500000000;100;9473352820;B
20240129;101036;2872.500000000;10;9473352821;B
20240129;101036;2873.000000000;348;9473352822;B
20240129;101036;2870.500000000;14;9473352872;S
20240129;101038;2871.000000000;1;9473353371;S
20240129;101041;2872.500000000;7;9473353835;B
20240129;101042;2871.500000000;35;9473353985;B
20240129;101042;2872.000000000;15;9473353986;B
20240129;101044;2871.000000000;1;9473354167;S
20240129;101044;2871.000000000;2;9473354168;S
20240129;101044;2871.500000000;18;9473354171;B
20240129;101044;2872.000000000;10;9473354253;B
20240129;101044;2871.500000000;2;9473354319;S
20240129;101044;2870.500000000;14;9473354320;S
20240129;101045;2872.000000000;2;9473354443;B
20240129;101045;2872.000000000;1;9473354444;B
20240129;101047;2871.500000000;1;9473354753;B
20240129;101048;2872.000000000;19;9473354902;B
20240129;101048;2872.000000000;9;9473354903;B
20240129;101048;2872.500000000;29;9473354904;B
20240129;101048;2872.500000000;3;9473354905;B
20240129;101049;2870.500000000;5;9473355041;S
20240129;101049;2870.500000000;12;9473355042;S
20240129;101049;2871.500000000;1;9473355082;B
20240129;101051;2871.500000000;1;9473355497;B
20240129;101051;2871.500000000;2;9473355500;B
20240129;101051;2872.000000000;1;9473355501;B
20240129;101052;2871.000000000;1;9473355721;B
20240129;101052;2871.000000000;2;9473355722;B
20240129;101052;2871.500000000;1;9473355723;B
20240129;101053;2870.500000000;8;9473355818;S
20240129;101053;2870.500000000;8;9473355819;S
20240129;101053;2870.500000000;5;9473355820;S
20240129;101053;2870.500000000;14;9473355821;S
20240129;101053;2871.000000000;1;9473355841;B
20240129;101053;2871.500000000;5;9473355842;B
20240129;101054;2870.500000000;2;9473355903;S
20240129;101054;2870.500000000;1;9473356082;S
20240129;101056;2871.000000000;2;9473356327;B
20240129;101056;2871.000000000;7;9473356366;B
20240129;101057;2871.000000000;27;9473356402;B
20240129;101057;2871.000000000;1;9473356403;B
20240129;101057;2871.500000000;14;9473356404;B
20240129;101057;2871.500000000;33;9473356405;B
20240129;101057;2871.000000000;1;9473356511;B
20240129;101058;2870.500000000;1;9473356538;S
20240129;101058;2871.000000000;2;9473356607;B
20240129;101058;2870.500000000;2;9473356650;S
20240129;101058;2870.500000000;23;9473356651;S
20240129;101058;2870.500000000;15;9473356661;S
20240129;101059;2871.000000000;2;9473356738;B
20240129;101059;2870.500000000;2;9473356776;S
20240129;101101;2871.000000000;31;9473357056;B
20240129;101101;2871.000000000;20;9473357057;B
20240129;101101;2871.000000000;1;9473357072;S
20240129;101102;2871.500000000;2;9473357295;B
20240129;101102;2871.000000000;2;9473357362;S
20240129;101102;2871.500000000;10;9473357405;B
20240129;101104;2871.000000000;2;9473357547;S
20240129;101104;2871.000000000;5;9473357694;S
20240129;101105;2871.000000000;1;9473358045;S
20240129;101106;2871.000000000;5;9473358108;S
20240129;101106;2871.500000000;6;9473358268;B
20240129;101107;2871.500000000;4;9473358531;B
20240129;101107;2871.500000000;5;9473358541;B
20240129;101109;2871.000000000;4;9473358980;S
20240129;101109;2871.500000000;69;9473359029;B
20240129;101110;2871.500000000;4;9473359125;B
20240129;101110;2871.500000000;6;9473359144;B
20240129;101110;2871.000000000;1;9473359259;S
20240129;101111;2871.000000000;1;9473359402;S
20240129;101111;2871.000000000;4;9473359407;S
20240129;101113;2871.000000000;60;9473359776;S
20240129;101114;2871.500000000;1;9473359960;B
20240129;101116;2871.000000000;13;9473360257;S
20240129;101116;2871.500000000;1;9473360304;B
20240129;101116;2871.500000000;1;9473360307;B
20240129;101116;2871.500000000;1;9473360314;B
20240129;101116;2871.500000000;6;9473360339;B
20240129;101116;2871.500000000;1;9473360340;B
20240129;101116;2871.500000000;5;9473360341;B
20240129;101116;2871.500000000;5;9473360342;B
20240129;101116;2871.500000000;5;9473360343;B
20240129;101117;2872.000000000;10;9473360410;B
20240129;101117;2872.000000000;10;9473360469;B
20240129;101118;2872.000000000;10;9473360744;B
20240129;101118;2872.000000000;3;9473360754;B
20240129;101119;2872.000000000;15;9473360890;B
20240129;101120;2871.500000000;1;9473360903;S
20240129;101120;2872.000000000;60;9473360910;B
20240129;101120;2872.000000000;1;9473360911;B
20240129;101120;2872.000000000;283;9473360912;B
20240129;101120;2872.000000000;250;9473360973;B
20240129;101120;2872.000000000;8;9473361031;B
20240129;101120;2872.000000000;1;9473361075;B
20240129;101121;2872.000000000;121;9473361132;B
20240129;101121;2872.000000000;34;9473361183;B
20240129;101122;2871.500000000;1;9473361236;S
20240129;101122;2871.500000000;2;9473361288;S
20240129;101122;2872.000000000;1;9473361295;B
20240129;101122;2871.500000000;5;9473361386;S
20240129;101122;2872.000000000;50;9473361394;B
20240129;101123;2872.000000000;100;9473361423;B
20240129;101123;2872.000000000;35;9473361424;B
20240129;101123;2872.000000000;1;9473361474;B
20240129;101123;2872.000000000;1;9473361526;B
20240129;101124;2872.000000000;1;9473361532;B
20240129;101124;2872.000000000;1;9473361587;B
20240129;101124;2872.000000000;3;9473361588;B
20240129;101124;2872.000000000;1;9473361684;B
20240129;101125;2872.000000000;1;9473361702;B
20240129;101125;2871.500000000;10;9473361705;S
20240129;101125;2872.000000000;1;9473361793;B
20240129;101125;2872.000000000;1;9473361794;B
20240129;101128;2871.500000000;2;9473362073;S
20240129;101129;2872.000000000;30;9473362322;B
20240129;101129;2872.000000000;3;9473362323;B
20240129;101130;2872.500000000;1;9473362331;B
20240129;101130;2872.500000000;2;9473362332;B
20240129;101130;2872.000000000;15;9473362452;S
20240129;101130;2872.500000000;1;9473362463;B
20240129;101131;2872.000000000;1;9473362498;S
20240129;101131;2872.000000000;1;9473362527;S
20240129;101132;2872.000000000;5;9473362683;S
20240129;101132;2872.000000000;1;9473362794;S
20240129;101133;2872.000000000;5;9473362809;S
20240129;101133;2872.000000000;39;9473362818;S
20240129;101133;2872.000000000;36;9473362819;S
20240129;101133;2872.000000000;25;9473362820;S
20240129;101133;2872.000000000;5;9473362886;B
20240129;101134;2872.000000000;9;9473362957;B
20240129;101134;2872.500000000;3;9473362958;B
20240129;101134;2872.500000000;3;9473362959;B
20240129;101134;2872.000000000;3;9473362979;B
20240129;101135;2872.000000000;4;9473363172;B
20240129;101135;2872.000000000;4;9473363173;B
20240129;101135;2872.000000000;2;9473363174;B
20240129;101135;2872.000000000;3;9473363257;B
20240129;101135;2872.500000000;7;9473363258;B
20240129;101136;2872.000000000;4;9473363328;B
20240129;101136;2872.500000000;31;9473363329;B
20240129;101136;2872.000000000;1;9473363367;B
20240129;101136;2872.500000000;39;9473363368;B
20240129;101136;2872.500000000;20;9473363394;B
20240129;101136;2872.000000000;3;9473363396;S
20240129;101140;2872.500000000;1;9473363909;B
20240129;101140;2872.000000000;1;9473363953;S
20240129;101142;2872.000000000;5;9473364177;S
20240129;101143;2872.500000000;1;9473364237;B
20240129;101143;2872.500000000;1;9473364378;B
20240129;101145;2872.000000000;10;9473364618;S
20240129;101146;2872.500000000;6;9473364737;B
20240129;101146;2872.500000000;2;9473364840;B
20240129;101147;2872.500000000;1;9473364927;B
20240129;101147;2872.500000000;1;9473364952;B
20240129;101148;2872.000000000;9;9473365053;S
20240129;101148;2872.500000000;2;9473365055;B
20240129;101148;2872.500000000;1;9473365071;B
20240129;101148;2872.500000000;27;9473365084;B
20240129;101148;2872.500000000;1;9473365085;B
20240129;101148;2872.500000000;1;9473365086;B
20240129;101148;2872.500000000;2;9473365104;S
20240129;101149;2872.500000000;5;9473365173;S
20240129;101149;2873.000000000;5;9473365232;B
20240129;101150;2872.500000000;29;9473365259;S
20240129;101150;2873.000000000;2;9473365298;B
20240129;101150;2873.000000000;120;9473365326;B
20240129;101151;2872.500000000;50;9473365400;S
20240129;101151;2873.000000000;31;9473365443;B
20240129;101152;2873.000000000;100;9473365524;B
20240129;101153;2873.000000000;100;9473365703;B
20240129;101154;2873.000000000;200;9473365914;B
20240129;101154;2873.000000000;45;9473365921;B
20240129;101154;2873.000000000;10;9473365922;B
20240129;101154;2873.000000000;6;9473365923;B
20240129;101154;2873.000000000;1;9473365924;B
20240129;101154;2873.000000000;1;9473365925;B
20240129;101154;2874.000000000;2;9473365949;B
20240129;101154;2873.500000000;1;9473365950;S
20240129;101155;2874.000000000;1;9473366144;B
20240129;101156;2873.500000000;7;9473366192;S
20240129;101157;2873.500000000;8;9473366495;S
20240129;101157;2873.500000000;10;9473366566;S
20240129;101200;2874.000000000;1;9473367001;B
20240129;101200;2874.000000000;2;9473367048;B
20240129;101200;2873.500000000;9;9473367061;S
20240129;101202;2874.000000000;1;9473367562;B
20240129;101203;2873.500000000;1;9473367598;S
20240129;101203;2874.000000000;8;9473367600;B
20240129;101203;2874.000000000;3;9473367716;B
20240129;101203;2874.000000000;10;9473367717;B
20240129;101203;2874.000000000;27;9473367718;B
20240129;101203;2874.000000000;7;9473367719;B
20240129;101205;2874.500000000;1;9473368010;S
20240129;101205;2874.500000000;1;9473368034;S
20240129;101205;2874.500000000;1;9473368084;S
20240129;101206;2874.500000000;1;9473368093;S
20240129;101206;2874.500000000;1;9473368099;S
20240129;101207;2874.500000000;3;9473368229;B
20240129;101207;2875.000000000;7;9473368230;B
20240129;101208;2875.000000000;2;9473368453;B
20240129;101208;2875.000000000;2;9473368454;B
20240129;101208;2874.000000000;3;9473368532;S
20240129;101208;2874.000000000;7;9473368533;S
20240129;101209;2874.500000000;10;9473368946;B
20240129;101209;2874.000000000;2;9473368955;S
20240129;101210;2874.500000000;1;9473369158;B
20240129;101210;2874.500000000;1;9473369201;B
20240129;101210;2874.500000000;5;9473369202;B
20240129;101211;2874.500000000;1;9473369380;B
20240129;101211;2874.500000000;1;9473369401;B
20240129;101211;2874.500000000;1;9473369405;B
20240129;101212;2874.000000000;3;9473369727;S
20240129;101212;2874.000000000;5;9473369802;S
20240129;101212;2874.500000000;1;9473369894;B
20240129;101213;2874.500000000;1;9473370001;B
20240129;101213;2874.500000000;8;9473370020;B
20240129;101213;2875.000000000;4;9473370021;B
20240129;101214;2874.000000000;8;9473370143;S
20240129;101214;2875.000000000;6;9473370193;B
20240129;101214;2875.000000000;19;9473370250;B
20240129;101215;2875.000000000;1;9473370330;B
20240129;101215;2875.000000000;1;9473370331;B
20240129;101217;2874.000000000;36;9473370644;S
20240129;101219;2874.000000000;10;9473370914;B
20240129;101219;2874.000000000;4;9473371009;B
20240129;101219;2874.000000000;16;9473371010;B
20240129;101220;2874.000000000;7;9473371103;B
20240129;101221;2874.000000000;3;9473371143;B
20240129;101222;2874.000000000;4;9473371300;B
20240129;101222;2874.000000000;1;9473371329;B
20240129;101223;2874.000000000;6;9473371586;B
20240129;101223;2874.000000000;1;9473371623;B
20240129;101225;2874.000000000;1;9473371754;B
20240129;101225;2874.000000000;2;9473371790;B
20240129;101225;2874.000000000;9;9473371817;B
20240129;101226;2873.500000000;6;9473371944;S
20240129;101226;2873.500000000;1;9473371945;S
20240129;101226;2874.000000000;7;9473371994;B
20240129;101226;2874.000000000;2;9473372069;B
20240129;101226;2874.000000000;30;9473372088;B
20240129;101227;2874.000000000;1;9473372132;B
20240129;101227;2874.000000000;10;9473372194;B
20240129;101227;2875.000000000;2;9473372207;B
20240129;101227;2874.500000000;5;9473372275;S
20240129;101228;2874.500000000;20;9473372348;S
20240129;101229;2875.000000000;8;9473372615;B
20240129;101230;2875.000000000;15;9473372848;B
20240129;101232;2875.000000000;3;9473373208;B
20240129;101233;2874.500000000;4;9473373308;S
20240129;101233;2874.000000000;6;9473373309;S
20240129;101233;2875.000000000;1;9473373310;B
20240129;101233;2875.000000000;1;9473373372;B
20240129;101234;2875.000000000;18;9473373604;B
20240129;101235;2875.000000000;10;9473373663;B
20240129;101235;2875.000000000;10;9473373666;B
20240129;101235;2875.000000000;10;9473373667;B
20240129;101235;2875.000000000;10;9473373668;B
20240129;101235;2875.000000000;10;9473373669;B
20240129;101236;2874.500000000;22;9473373793;S
20240129;101236;2874.500000000;1;9473373909;S
20240129;101236;2874.500000000;36;9473373910;S
20240129;101236;2874.500000000;4;9473373911;S
20240129;101236;2874.500000000;9;9473373912;S
20240129;101237;2874.500000000;1;9473373966;S
20240129;101237;2874.500000000;16;9473373967;S
20240129;101237;2875.000000000;2;9473374026;B
20240129;101237;2875.000000000;36;9473374027;B
20240129;101237;2875.000000000;3;9473374028;B
20240129;101237;2875.000000000;9;9473374029;B
20240129;101238;2875.000000000;1;9473374081;B
20240129;101238;2875.000000000;1;9473374082;B
20240129;101238;2875.000000000;5;9473374083;B
20240129;101238;2875.000000000;43;9473374084;B
20240129;101238;2875.000000000;1;9473374117;B
20240129;101238;2875.000000000;1;9473374129;B
20240129;101238;2875.000000000;2;9473374149;B
20240129;101239;2874.500000000;1;9473374218;S
20240129;101239;2875.000000000;10;9473374224;B
20240129;101239;2875.000000000;1;9473374239;B
20240129;101239;2875.000000000;2;9473374276;B
20240129;101239;2875.000000000;5;9473374277;B
20240129;101239;2875.000000000;1;9473374278;B
20240129;101239;2875.000000000;6;9473374279;B
20240129;101239;2875.000000000;1;9473374280;B
20240129;101239;2875.500000000;5;9473374281;B
20240129;101239;2875.500000000;10;9473374282;B
20240129;101239;2875.500000000;10;9473374283;B
20240129;101239;2875.500000000;4;9473374284;B
20240129;101240;2876.000000000;1;9473374371;B
20240129;101240;2875.500000000;6;9473374387;S
20240129;101240;2875.000000000;2;9473374388;S
20240129;101240;2876.000000000;1;9473374406;B
20240129;101240;2876.000000000;1;9473374407;B
20240129;101240;2876.000000000;273;9473374408;B
20240129;101240;2876.000000000;1;9473374409;B
20240129;101240;2876.000000000;27;9473374410;B
20240129;101240;2876.000000000;57;9473374411;B
20240129;101240;2876.000000000;1;9473374412;B
20240129;101240;2875.000000000;26;9473374430;S
20240129;101240;2875.000000000;1;9473374431;S
20240129;101240;2874.500000000;10;9473374432;S
20240129;101240;2875.000000000;2;9473374476;S
20240129;101241;2875.500000000;1;9473374637;B
20240129;101242;2875.500000000;1;9473374816;B
20240129;101243;2875.000000000;10;9473374924;S
20240129;101243;2874.500000000;1;9473374925;S
20240129;101243;2875.000000000;30;9473375055;B
20240129;101243;2875.000000000;10;9473375056;B
20240129;101243;2875.000000000;18;9473375057;B
20240129;101245;2875.500000000;2;9473375359;B
20240129;101248;2875.000000000;2;9473375740;S
20240129;101248;2874.500000000;3;9473375741;S
20240129;101249;2876.000000000;17;9473375977;B
20240129;101250;2875.500000000;1;9473376036;S
20240129;101250;2875.500000000;15;9473376049;B
20240129;101250;2876.000000000;25;9473376050;B
20240129;101250;2876.000000000;30;9473376051;B
20240129;101250;2876.000000000;50;9473376052;B
20240129;101250;2876.000000000;1;9473376053;B
20240129;101251;2876.500000000;1;9473376201;B
20240129;101251;2876.500000000;5;9473376202;B
20240129;101252;2876.000000000;1;9473376427;B
20240129;101253;2876.000000000;1;9473376536;B
20240129;101253;2876.000000000;2;9473376651;B
20240129;101254;2875.500000000;12;9473376700;S
20240129;101255;2876.000000000;92;9473376912;B
20240129;101255;2876.500000000;66;9473376913;B
20240129;101255;2876.500000000;1;9473376914;B
20240129;101255;2876.500000000;4;9473376915;B
20240129;101255;2876.500000000;20;9473376916;B
20240129;101255;2876.500000000;1;9473376917;B
20240129;101255;2877.000000000;1;9473376918;B
20240129;101255;2877.000000000;15;9473376919;B
20240129;101255;2875.500000000;6;9473376984;S
20240129;101255;2875.500000000;29;9473376985;S
20240129;101255;2877.000000000;3;9473376999;B
20240129;101257;2876.500000000;15;9473377323;S
20240129;101257;2877.000000000;18;9473377393;B
20240129;101257;2877.000000000;1;9473377394;B
20240129;101257;2877.000000000;481;9473377395;B
20240129;101257;2877.000000000;14;9473377397;B
20240129;101258;2877.000000000;17;9473377565;B
20240129;101259;2876.500000000;1;9473377762;S
20240129;101259;2877.000000000;2;9473377801;B
20240129;101300;2877.000000000;6;9473377899;B
20240129;101300;2877.000000000;30;9473377930;B
20240129;101300;2877.000000000;10;9473377931;B
20240129;101300;2876.500000000;2;9473377938;S
20240129;101300;2876.500000000;3;9473377939;S
20240129;101300;2876.500000000;1;9473377943;S
20240129;101300;2877.000000000;5;9473377989;B
20240129;101300;2877.000000000;10;9473377990;B
20240129;101300;2877.000000000;5;9473377991;B
20240129;101300;2877.000000000;1;9473377992;B
20240129;101300;2877.000000000;1;9473377993;B
20240129;101300;2877.500000000;3;9473377994;B
20240129;101300;2877.500000000;2;9473377995;B
20240129;101300;2877.500000000;2;9473377996;B
20240129;101301;2877.500000000;1;9473378053;B
20240129;101301;2877.500000000;1;9473378054;B
20240129;101301;2877.500000000;40;9473378055;B
20240129;101301;2878.000000000;5;9473378056;B
20240129;101301;2878.000000000;1;9473378057;B
20240129;101301;2878.000000000;1;9473378058;B
20240129;101301;2878.000000000;20;9473378059;B
20240129;101301;2878.000000000;20;9473378060;B
20240129;101301;2878.500000000;5;9473378084;B
20240129;101301;2878.000000000;1;9473378136;S
20240129;101301;2878.000000000;1;9473378138;S
20240129;101301;2878.500000000;9;9473378144;B
20240129;101301;2878.000000000;1;9473378146;S
20240129;101302;2878.000000000;8;9473378202;S
20240129;101302;2877.000000000;12;9473378203;S
20240129;101303;2878.000000000;13;9473378430;B
20240129;101303;2877.500000000;1;9473378462;S
20240129;101304;2878.000000000;1;9473378634;B
20240129;101304;2878.000000000;1;9473378639;B
20240129;101304;2878.000000000;21;9473378657;B
20240129;101304;2878.000000000;5;9473378658;B
20240129;101304;2878.000000000;2;9473378659;B
20240129;101304;2878.000000000;9;9473378660;B
20240129;101304;2878.000000000;3;9473378661;B
20240129;101304;2878.500000000;36;9473378662;B
20240129;101304;2878.500000000;1;9473378663;B
20240129;101304;2878.500000000;119;9473378664;B
20240129;101304;2878.500000000;18;9473378665;B
20240129;101304;2878.500000000;186;9473378666;B
20240129;101305;2878.000000000;1;9473378832;B
20240129;101305;2878.500000000;30;9473378897;B
20240129;101306;2878.000000000;2;9473378989;S
20240129;101306;2878.500000000;4;9473379032;B
20240129;101306;2878.500000000;75;9473379066;B
20240129;101306;2879.000000000;200;9473379067;B
20240129;101306;2879.000000000;50;9473379068;B
20240129;101306;2879.000000000;50;9473379069;B
20240129;101306;2879.000000000;25;9473379070;B
20240129;101307;2879.000000000;2;9473379311;B
20240129;101307;2878.500000000;1;9473379352;S
20240129;101307;2879.000000000;73;9473379371;B
20240129;101307;2879.000000000;2;9473379372;B
20240129;101307;2879.000000000;1;9473379373;B
20240129;101307;2879.000000000;88;9473379374;B
20240129;101307;2879.000000000;2;9473379375;B
20240129;101307;2879.000000000;1;9473379376;B
20240129;101307;2879.500000000;2;9473379377;B
20240129;101307;2879.500000000;40;9473379378;B
20240129;101307;2879.500000000;5;9473379379;B
20240129;101307;2879.500000000;1;9473379380;B
20240129;101307;2879.500000000;3;9473379381;B
20240129;101307;2879.500000000;2;9473379382;B
20240129;101307;2879.500000000;144;9473379383;B
20240129;101307;2879.500000000;36;9473379384;B
20240129;101307;2879.000000000;1;9473379400;S
20240129;101308;2879.000000000;2;9473379515;S
20240129;101308;2879.000000000;1;9473379580;B
20240129;101308;2879.000000000;45;9473379589;B
20240129;101308;2879.000000000;1;9473379590;B
20240129;101308;2880.000000000;2;9473379591;B
20240129;101308;2880.000000000;10;9473379592;B
20240129;101308;2880.000000000;50;9473379593;B
20240129;101308;2880.000000000;20;9473379594;B
20240129;101308;2880.000000000;1;9473379595;B
20240129;101308;2880.000000000;1;9473379596;B
20240129;101308;2880.000000000;5;9473379597;B
20240129;101308;2880.000000000;1;9473379598;B
20240129;101308;2880.000000000;6;9473379599;B
20240129;101308;2880.000000000;56;9473379600;B
20240129;101308;2880.000000000;12;9473379601;B
20240129;101308;2880.000000000;15;9473379602;B
20240129;101308;2880.000000000;34;9473379603;B
20240129;101308;2880.000000000;10;9473379604;B
20240129;101308;2880.000000000;37;9473379605;B
20240129;101308;2880.000000000;1;9473379606;B
20240129;101308;2880.000000000;18;9473379607;B
20240129;101308;2880.000000000;1;9473379608;B
20240129;101308;2880.000000000;25;9473379609;B
20240129;101308;2880.000000000;1;9473379610;B
20240129;101308;2880.000000000;7;9473379611;B
20240129;101308;2880.000000000;10;9473379612;B
20240129;101308;2880.000000000;1;9473379613;B
20240129;101308;2880.000000000;2;9473379614;B
20240129;101308;2880.000000000;28;9473379615;B
20240129;101309;2878.500000000;2;9473379674;S
20240129;101309;2878.000000000;2;9473379675;S
20240129;101309;2878.500000000;1;9473379701;S
20240129;101309;2878.000000000;6;9473379702;S
20240129;101309;2878.500000000;1;9473379865;S
20240129;101310;2879.500000000;1;9473380062;B
20240129;101311;2879.000000000;8;9473380134;B
20240129;101311;2879.000000000;4;9473380305;S
20240129;101311;2879.500000000;1;9473380362;B
20240129;101311;2879.500000000;1;9473380374;B
20240129;101313;2879.500000000;33;9473380717;B
20240129;101313;2879.500000000;250;9473380718;B
20240129;101313;2880.000000000;38;9473380719;B
20240129;101313;2880.000000000;10;9473380720;B
20240129;101313;2880.000000000;5;9473380721;B
20240129;101313;2880.000000000;42;9473380722;B
20240129;101313;2880.000000000;2;9473380723;B
20240129;101313;2880.000000000;1;9473380724;B
20240129;101313;2880.000000000;1;9473380725;B
20240129;101313;2880.000000000;4;9473380726;B
20240129;101313;2880.000000000;2;9473380727;B
20240129;101313;2880.000000000;112;9473380728;B
20240129;101313;2879.000000000;1;9473380751;S
20240129;101315;2879.500000000;10;9473381194;B
20240129;101315;2880.000000000;5;9473381211;B
20240129;101315;2880.000000000;15;9473381299;B
20240129;101317;2880.000000000;31;9473381587;B
20240129;101317;2880.000000000;5;9473381588;B
20240129;101317;2880.000000000;2;9473381589;B
20240129;101317;2880.000000000;12;9473381590;B
20240129;101317;2880.000000000;12;9473381591;B
