<DATE>;<TIME>;<LAST>;<VOL>;<ID>;<OPER>
20240212;095937;2867.500000000;7;9586031826;S
20240212;095937;2867.500000000;3;9586031827;B
20240212;095937;2867.500000000;3;9586031828;S
20240212;095937;2867.500000000;5;9586031829;S
20240212;095937;2867.500000000;53;9586031830;S
20240212;095937;2867.500000000;2;9586031831;S
20240212;095937;2867.500000000;4;9586031832;S
20240212;095937;2867.500000000;7;9586031833;S
20240212;095937;2867.500000000;4;9586031834;B
20240212;095937;2867.500000000;3;9586031835;B
20240212;095937;2867.500000000;7;9586031836;S
20240212;095937;2867.500000000;5;9586031837;S
20240212;095937;2867.500000000;3;9586031838;S
20240212;095937;2867.500000000;1;9586031839;B
20240212;095937;2867.500000000;1;9586031840;B
20240212;095937;2867.500000000;5;9586031841;B
20240212;095937;2867.500000000;1;9586031842;S
20240212;095937;2867.500000000;7;9586031843;S
20240212;095937;2867.500000000;25;9586031844;S
20240212;095937;2867.500000000;2;9586031845;S
20240212;095937;2867.500000000;2;9586031846;S
20240212;095937;2867.500000000;10;9586031847;S
20240212;095937;2867.500000000;25;9586031848;B
20240212;095937;2867.500000000;2;9586031849;B
20240212;095937;2867.500000000;7;9586031850;S
20240212;095937;2867.500000000;2;9586031851;S
20240212;095937;2867.500000000;1;9586031852;B
20240212;095937;2867.500000000;1;9586031853;B
20240212;095937;2867.500000000;1;9586031854;B
20240212;095937;2867.500000000;2;9586031855;S
20240212;095937;2867.500000000;1;9586031856;S
20240212;095937;2867.500000000;1;9586031857;S
20240212;095937;2867.500000000;2;9586031858;S
20240212;095937;2867.500000000;40;9586031859;S
20240212;095937;2867.500000000;67;9586031860;B
20240212;095937;2867.500000000;3;9586031861;S
20240212;095937;2867.500000000;42;9586031862;B
20240212;095937;2867.500000000;2;9586031863;S
20240212;095937;2867.500000000;1;9586031864;B
20240212;095937;2867.500000000;13;9586031865;B
20240212;095937;2867.500000000;1;9586031866;B
20240212;095937;2867.500000000;1;9586031867;B
20240212;095937;2867.500000000;15;9586031868;B
20240212;095937;2867.500000000;50;9586031869;B
20240212;095937;2867.500000000;3;9586031870;B
20240212;095937;2867.500000000;30;9586031871;S
20240212;095937;2867.500000000;25;9586031872;S
20240212;095937;2867.500000000;52;9586031873;S
20240212;095937;2867.500000000;52;9586031874;S
20240212;095937;2867.500000000;52;9586031875;S
20240212;095937;2867.500000000;50;9586031876;S
20240212;095937;2867.500000000;1;9586031877;B
20240212;095937;2867.500000000;2;9586031878;B
20240212;095937;2867.500000000;35;9586031879;S
20240212;095937;2867.500000000;2;9586031880;S
20240212;095937;2867.500000000;1;9586031881;B
20240212;095937;2867.500000000;100;9586031882;B
20240212;095937;2867.500000000;50;9586031883;S
20240212;095937;2867.500000000;77;9586031884;S
20240212;095937;2867.500000000;11;9586031885;S
20240212;095937;2867.500000000;100;9586031886;B
20240212;095937;2867.500000000;1;9586031887;B
20240212;095937;2867.500000000;1;9586031888;B
20240212;095937;2867.500000000;19;9586031889;S
20240212;095937;2867.500000000;1;9586031890;S
20240212;095937;2867.500000000;3;9586031891;S
20240212;095937;2867.500000000;22;9586031892;S
20240212;095937;2867.500000000;8;9586031893;S
20240212;095937;2867.500000000;1;9586031894;S
20240212;095937;2867.500000000;1;9586031895;S
20240212;095937;2867.500000000;42;9586031896;S
20240212;095937;2867.500000000;58;9586031897;S
20240212;095937;2867.500000000;1;9586031898;S
20240212;095937;2867.500000000;1;9586031899;S
20240212;095937;2867.500000000;1;9586031900;S
20240212;095937;2867.500000000;1;9586031901;S
20240212;095937;2867.500000000;4;9586031902;S
20240212;095937;2867.500000000;14;9586031903;S
20240212;095937;2867.500000000;30;9586031904;B
20240212;095937;2867.500000000;24;9586031905;S
20240212;095937;2867.500000000;26;9586031906;S
20240212;095937;2867.500000000;6;9586031907;S
20240212;095937;2867.500000000;36;9586031908;S
20240212;095937;2867.500000000;8;9586031909;S
20240212;095937;2867.500000000;2;9586031910;S
20240212;095937;2867.500000000;1;9586031911;S
20240212;095937;2867.500000000;3;9586031912;S
20240212;095937;2867.500000000;2;9586031913;B
20240212;095937;2867.500000000;35;9586031914;B
20240212;095937;2867.500000000;2;9586031915;B
20240212;095937;2867.500000000;32;9586031916;B
20240212;095937;2867.500000000;68;9586031917;S
20240212;095937;2867.500000000;1;9586031918;S
20240212;095937;2867.500000000;2;9586031919;S
20240212;095937;2867.500000000;19;9586031920;S
20240212;095937;2867.500000000;18;9586031921;B
20240212;095937;2867.500000000;20;9586031922;B
20240212;095937;2867.500000000;30;9586031923;S
20240212;095937;2867.500000000;20;9586031924;S
20240212;095937;2867.500000000;1;9586031925;B
20240212;095937;2867.500000000;3;9586031926;B
20240212;095937;2867.500000000;2;9586031927;B
20240212;095937;2867.500000000;1;9586031928;B
20240212;095937;2867.500000000;1;9586031929;B
20240212;095937;2867.500000000;10;9586031930;S
20240212;095937;2867.500000000;1;9586031931;B
20240212;095937;2867.500000000;1;9586031932;B
20240212;095937;2867.500000000;10;9586031933;S
20240212;095937;2867.500000000;1;9586031934;S
20240212;095937;2867.500000000;1;9586031935;S
20240212;100000;2865.500000000;2;9586038779;S
20240212;100000;2865.000000000;28;9586039051;S
20240212;100000;2865.500000000;1;9586039193;B
20240212;100000;2865.500000000;10;9586039206;B
20240212;100000;2865.000000000;7;9586039264;S
20240212;100000;2865.500000000;5;9586039411;B
20240212;100000;2865.000000000;1;9586039694;S
20240212;100001;2865.000000000;4;9586039982;S
20240212;100001;2863.000000000;4;9586039983;S
20240212;100001;2864.500000000;36;9586040282;B
20240212;100001;2865.000000000;10;9586040283;B
20240212;100001;2865.000000000;34;9586040284;B
20240212;100001;2862.500000000;22;9586040342;S
20240212;100001;2862.500000000;53;9586040349;S
20240212;100001;2862.000000000;7;9586040350;S
20240212;100001;2862.000000000;40;9586040359;S
20240212;100001;2862.000000000;40;9586040365;S
20240212;100001;2862.000000000;20;9586040366;S
20240212;100001;2862.000000000;8;9586040375;S
20240212;100001;2862.000000000;87;9586040376;S
20240212;100001;2862.000000000;5;9586040414;B
20240212;100001;2862.000000000;5;9586040415;B
20240212;100001;2862.000000000;5;9586040416;B
20240212;100001;2862.000000000;5;9586040417;B
20240212;100001;2862.000000000;5;9586040418;B
20240212;100001;2862.000000000;5;9586040419;B
20240212;100001;2862.000000000;5;9586040420;B
20240212;100001;2862.000000000;5;9586040421;B
20240212;100001;2862.000000000;5;9586040422;B
20240212;100001;2862.000000000;5;9586040423;B
20240212;100001;2862.000000000;22;9586040429;B
20240212;100001;2862.000000000;33;9586040430;B
20240212;100001;2862.000000000;62;9586040431;B
20240212;100001;2862.000000000;38;9586040433;B
20240212;100001;2862.000000000;2;9586040440;B
20240212;100001;2862.000000000;18;9586040444;B
20240212;100002;2863.500000000;8;9586040871;S
20240212;100002;2863.500000000;2;9586040964;S
20240212;100002;2863.500000000;2;9586041361;S
20240212;100002;2863.500000000;1;9586041447;S
20240212;100002;2864.500000000;2;9586041599;B
20240212;100002;2864.500000000;2;9586041601;B
20240212;100002;2863.500000000;28;9586041862;S
20240212;100002;2863.000000000;21;9586041863;S
20240212;100002;2861.000000000;10;9586041864;S
20240212;100002;2860.500000000;21;9586041865;S
20240212;100002;2861.500000000;28;9586041886;S
20240212;100002;2861.500000000;21;9586041887;S
20240212;100002;2860.500000000;30;9586041888;S
20240212;100002;2860.000000000;84;9586041889;S
20240212;100002;2860.000000000;1;9586041890;S
20240212;100002;2860.500000000;1;9586041922;S
20240212;100002;2860.500000000;27;9586041979;S
20240212;100002;2860.000000000;46;9586041980;S
20240212;100002;2860.000000000;7;9586041981;S
20240212;100002;2860.000000000;7;9586041982;S
20240212;100002;2860.000000000;6;9586041983;S
20240212;100002;2859.000000000;24;9586041984;S
20240212;100003;2860.000000000;2;9586042165;B
20240212;100003;2860.000000000;1;9586042324;B
20240212;100003;2860.500000000;2;9586042325;B
20240212;100003;2860.500000000;34;9586042346;B
20240212;100003;2861.000000000;16;9586042347;B
20240212;100003;2860.500000000;36;9586042469;B
20240212;100003;2861.000000000;34;9586042470;B
20240212;100003;2857.500000000;1;9586042682;S
20240212;100004;2858.500000000;25;9586042953;S
20240212;100004;2858.500000000;25;9586043301;S
20240212;100005;2860.000000000;1;9586043701;B
20240212;100005;2860.500000000;1;9586043702;B
20240212;100005;2857.500000000;5;9586044416;S
20240212;100006;2859.500000000;7;9586045785;B
20240212;100006;2859.500000000;1;9586045789;B
20240212;100006;2859.500000000;1;9586045795;B
20240212;100006;2857.500000000;1;9586046580;S
20240212;100007;2860.500000000;4;9586046720;B
20240212;100007;2860.500000000;1;9586046725;B
20240212;100007;2860.500000000;90;9586047078;B
20240212;100007;2860.500000000;10;9586047079;B
20240212;100007;2861.500000000;1;9586047500;B
20240212;100008;2860.500000000;4;9586048543;B
20240212;100008;2860.500000000;20;9586048554;B
20240212;100008;2861.500000000;3;9586049956;B
20240212;100008;2861.500000000;1;9586049974;B
20240212;100008;2860.000000000;1;9586049989;S
20240212;100008;2862.000000000;1;9586050137;B
20240212;100008;2862.000000000;1;9586050166;B
20240212;100010;2860.000000000;1;9586052900;S
20240212;100010;2860.000000000;1;9586053421;S
20240212;100010;2861.000000000;16;9586053425;B
20240212;100010;2862.500000000;2;9586053532;B
20240212;100010;2863.000000000;3;9586053533;B
20240212;100010;2860.500000000;1;9586053600;S
20240212;100010;2860.500000000;3;9586053908;S
20240212;100010;2863.000000000;10;9586054116;B
20240212;100010;2862.000000000;1;9586054531;B
20240212;100011;2862.000000000;1;9586054585;B
20240212;100011;2860.000000000;5;9586054587;S
20240212;100011;2862.000000000;13;9586054588;B
20240212;100011;2862.000000000;5;9586054589;B
20240212;100011;2862.000000000;1;9586054590;B
20240212;100011;2862.000000000;2;9586054591;B
20240212;100011;2862.000000000;8;9586054863;B
20240212;100011;2860.000000000;1;9586054917;S
20240212;100011;2863.000000000;1;9586055381;B
20240212;100011;2860.000000000;5;9586055405;S
20240212;100011;2864.000000000;4;9586055528;B
20240212;100011;2864.000000000;13;9586055544;B
20240212;100011;2864.000000000;6;9586055545;B
20240212;100011;2860.000000000;4;9586055624;S
20240212;100011;2862.000000000;2;9586055764;B
20240212;100012;2862.000000000;21;9586055836;B
20240212;100012;2862.000000000;1;9586055990;B
20240212;100014;2862.500000000;4;9586056631;B
20240212;100014;2861.000000000;5;9586056774;S
20240212;100014;2860.500000000;6;9586056775;S
20240212;100015;2863.000000000;3;9586056936;B
20240212;100015;2860.500000000;5;9586056987;S
20240212;100015;2862.000000000;10;9586057058;B
20240212;100018;2860.000000000;1;9586057907;S
20240212;100021;2862.000000000;70;9586058459;B
20240212;100024;2860.500000000;1;9586059186;S
20240212;100025;2862.000000000;6;9586059513;B
20240212;100025;2862.000000000;105;9586059514;B
20240212;100025;2863.500000000;14;9586059515;B
20240212;100025;2863.500000000;8;9586059516;B
20240212;100025;2864.000000000;19;9586059517;B
20240212;100028;2862.500000000;2;9586060350;S
20240212;100028;2862.500000000;3;9586060399;S
20240212;100028;2862.000000000;10;9586060400;S
20240212;100028;2862.000000000;30;9586060401;S
20240212;100028;2861.500000000;106;9586060402;S
20240212;100028;2861.000000000;1;9586060403;S
20240212;100029;2863.000000000;1;9586060487;B
20240212;100029;2860.500000000;2;9586060598;S
20240212;100029;2863.000000000;17;9586060639;B
20240212;100030;2861.500000000;8;9586061271;B
20240212;100031;2860.500000000;85;9586061302;S
20240212;100031;2860.500000000;15;9586061303;S
20240212;100031;2860.000000000;6;9586061382;S
20240212;100031;2860.000000000;1;9586061383;S
20240212;100031;2860.000000000;2;9586061384;S
20240212;100031;2860.000000000;29;9586061425;B
20240212;100033;2860.000000000;1;9586061758;S
20240212;100033;2860.500000000;1;9586061779;B
20240212;100033;2860.500000000;20;9586061905;B
20240212;100035;2861.000000000;89;9586062147;B
20240212;100035;2861.000000000;36;9586062148;B
20240212;100035;2861.000000000;32;9586062301;S
20240212;100037;2862.500000000;1;9586062685;B
20240212;100038;2861.500000000;15;9586062723;S
20240212;100038;2861.500000000;1;9586062783;S
20240212;100038;2863.000000000;2;9586062827;B
20240212;100039;2862.000000000;10;9586063008;S
20240212;100040;2862.000000000;1;9586063199;S
20240212;100041;2862.500000000;10;9586063538;S
20240212;100041;2862.000000000;17;9586063585;S
20240212;100041;2862.000000000;2;9586063586;S
20240212;100041;2862.000000000;1;9586063609;B
20240212;100043;2862.500000000;40;9586064017;B
20240212;100043;2862.500000000;4;9586064018;B
20240212;100044;2862.500000000;8;9586064123;S
20240212;100044;2862.500000000;1;9586064161;B
20240212;100046;2862.000000000;1;9586064784;B
20240212;100048;2861.500000000;4;9586065157;S
20240212;100048;2862.000000000;11;9586065161;B
20240212;100048;2862.500000000;11;9586065162;B
20240212;100048;2864.000000000;11;9586065163;B
20240212;100048;2861.500000000;10;9586065344;S
20240212;100048;2861.500000000;5;9586065345;S
20240212;100049;2861.500000000;1;9586065603;S
20240212;100051;2863.000000000;8;9586066007;B
20240212;100053;2862.000000000;1;9586066208;S
20240212;100055;2862.000000000;3;9586066719;S
20240212;100055;2862.000000000;6;9586066722;S
20240212;100056;2862.000000000;2;9586066789;B
20240212;100056;2862.500000000;1;9586066811;B
20240212;100056;2862.500000000;3;9586066828;B
20240212;100056;2862.000000000;1;9586066936;B
20240212;100057;2863.000000000;2;9586067183;B
20240212;100057;2863.500000000;15;9586067184;B
20240212;100057;2862.000000000;50;9586067226;B
20240212;100057;2862.000000000;50;9586067227;B
20240212;100058;2861.500000000;24;9586067244;S
20240212;100058;2861.500000000;100;9586067245;S
20240212;100058;2861.000000000;343;9586067246;S
20240212;100058;2861.000000000;15;9586067247;S
20240212;100058;2860.000000000;1;9586067311;S
20240212;100058;2861.000000000;1;9586067333;B
20240212;100059;2858.000000000;2;9586067472;S
20240212;100100;2860.000000000;1;9586067708;B
20240212;100100;2860.000000000;25;9586067833;B
20240212;100102;2858.500000000;5;9586068085;S
20240212;100104;2861.000000000;300;9586068491;B
20240212;100106;2861.000000000;112;9586068769;B
20240212;100107;2860.000000000;1;9586069036;S
20240212;100107;2860.000000000;9;9586069047;S
20240212;100108;2860.000000000;40;9586069105;B
20240212;100111;2860.000000000;1;9586069674;B
20240212;100111;2860.000000000;1;9586069774;B
20240212;100112;2860.000000000;2;9586069950;B
20240212;100114;2859.500000000;27;9586070240;S
20240212;100115;2859.500000000;2;9586070489;S
20240212;100116;2860.000000000;2;9586070541;B
20240212;100118;2860.000000000;1;9586070890;B
20240212;100120;2860.000000000;4;9586071102;B
20240212;100120;2860.000000000;1;9586071103;B
20240212;100120;2860.000000000;1;9586071115;B
20240212;100121;2859.500000000;45;9586071241;S
20240212;100123;2860.000000000;99;9586071531;B
20240212;100123;2861.000000000;201;9586071532;B
20240212;100128;2861.000000000;30;9586072621;B
20240212;100128;2860.000000000;23;9586072728;S
20240212;100130;2861.000000000;1;9586073126;B
20240212;100130;2860.500000000;30;9586073139;S
20240212;100130;2860.000000000;77;9586073140;S
20240212;100130;2860.000000000;1;9586073141;S
20240212;100130;2859.500000000;7;9586073142;S
20240212;100130;2859.500000000;45;9586073143;S
20240212;100132;2860.500000000;1;9586073372;B
20240212;100134;2859.500000000;9;9586074014;S
20240212;100136;2860.500000000;3;9586074327;B
20240212;100139;2859.500000000;33;9586074836;S
20240212;100139;2859.500000000;5;9586074837;S
20240212;100142;2860.500000000;30;9586075601;B
20240212;100142;2860.500000000;1;9586075602;B
20240212;100142;2860.500000000;9;9586075603;B
20240212;100144;2859.500000000;30;9586076103;S
20240212;100144;2859.500000000;20;9586076104;B
20240212;100146;2860.500000000;1;9586076445;B
20240212;100147;2859.000000000;100;9586076468;S
20240212;100147;2859.000000000;20;9586076469;B
20240212;100147;2858.000000000;1;9586076503;S
20240212;100147;2858.000000000;1;9586076580;S
20240212;100148;2858.500000000;1;9586076643;B
20240212;100149;2859.500000000;3;9586076982;B
20240212;100149;2858.000000000;1;9586077005;S
20240212;100152;2860.000000000;15;9586077591;B
20240212;100156;2858.000000000;13;9586078290;S
20240212;100157;2858.500000000;25;9586078483;S
20240212;100159;2859.500000000;7;9586078843;B
20240212;100201;2858.000000000;2;9586079236;S
20240212;100201;2858.000000000;2;9586079237;S
20240212;100205;2857.500000000;1;9586080071;S
20240212;100205;2857.500000000;2;9586080084;S
20240212;100205;2859.500000000;20;9586080086;B
20240212;100205;2859.500000000;26;9586080087;B
20240212;100205;2860.000000000;350;9586080088;B
20240212;100205;2860.000000000;4;9586080089;B
20240212;100205;2860.500000000;175;9586080090;B
20240212;100205;2861.000000000;185;9586080091;B
20240212;100205;2861.000000000;7;9586080092;B
20240212;100205;2862.000000000;75;9586080093;B
20240212;100205;2862.000000000;1;9586080094;B
20240212;100205;2862.000000000;18;9586080095;B
20240212;100205;2862.000000000;27;9586080096;B
20240212;100205;2862.500000000;220;9586080097;B
20240212;100205;2863.000000000;233;9586080098;B
20240212;100205;2863.000000000;87;9586080099;B
20240212;100205;2863.500000000;27;9586080100;B
20240212;100205;2863.500000000;5;9586080101;B
20240212;100205;2865.000000000;1;9586080102;B
20240212;100205;2865.000000000;3;9586080103;B
20240212;100205;2865.000000000;3;9586080104;B
20240212;100205;2865.000000000;5;9586080105;B
20240212;100205;2865.000000000;3;9586080106;B
20240212;100205;2865.000000000;2;9586080107;B
20240212;100205;2865.000000000;100;9586080108;B
20240212;100205;2865.000000000;15;9586080109;B
20240212;100205;2865.000000000;100;9586080110;S
20240212;100205;2865.000000000;40;9586080112;S
20240212;100205;2865.500000000;40;9586080113;B
20240212;100205;2865.000000000;15;9586080130;S
20240212;100205;2865.000000000;55;9586080134;S
20240212;100205;2865.000000000;92;9586080136;S
20240212;100206;2865.500000000;2;9586080385;B
20240212;100206;2865.500000000;78;9586080386;B
20240212;100206;2865.000000000;1;9586080501;S
20240212;100207;2865.000000000;1;9586080531;S
20240212;100207;2865.500000000;1;9586080555;B
20240212;100207;2865.000000000;100;9586080592;S
20240212;100207;2865.500000000;50;9586080625;B
20240212;100208;2865.500000000;8;9586080729;B
20240212;100208;2865.000000000;7;9586080759;S
20240212;100209;2865.000000000;60;9586080953;S
20240212;100210;2865.000000000;5;9586081050;S
20240212;100210;2865.500000000;10;9586081063;B
20240212;100210;2865.000000000;1;9586081161;S
20240212;100211;2865.500000000;53;9586081349;B
20240212;100211;2865.500000000;30;9586081350;B
20240212;100213;2866.000000000;3;9586081541;B
20240212;100213;2866.000000000;10;9586081542;S
20240212;100213;2866.000000000;12;9586081595;S
20240212;100214;2866.000000000;5;9586081746;B
20240212;100214;2865.500000000;17;9586081748;S
20240212;100214;2865.500000000;25;9586081749;S
20240212;100214;2865.500000000;1;9586081872;S
20240212;100216;2865.500000000;39;9586082370;S
20240212;100216;2866.000000000;5;9586082396;B
20240212;100216;2865.500000000;10;9586082475;S
20240212;100217;2866.000000000;6;9586082595;B
20240212;100217;2866.000000000;1;9586082602;B
20240212;100218;2866.000000000;5;9586082774;B
20240212;100218;2865.500000000;2;9586082799;S
20240212;100218;2865.500000000;1;9586082887;S
20240212;100219;2865.500000000;8;9586083106;S
20240212;100219;2865.500000000;1;9586083165;S
20240212;100219;2865.500000000;43;9586083246;S
20240212;100219;2865.000000000;931;9586083247;S
20240212;100219;2865.000000000;50;9586083248;S
20240212;100220;2866.000000000;10;9586083308;B
20240212;100222;2865.000000000;1;9586083664;B
20240212;100222;2865.500000000;14;9586083665;B
20240212;100222;2862.500000000;2;9586083739;S
20240212;100224;2862.000000000;1;9586084100;S
20240212;100226;2865.000000000;9;9586084407;B
20240212;100226;2865.000000000;1;9586084408;B
20240212;100226;2865.000000000;8;9586084409;B
20240212;100226;2865.500000000;1;9586084433;B
20240212;100231;2865.500000000;7;9586085204;B
20240212;100232;2862.500000000;2;9586085428;S
20240212;100233;2862.500000000;3;9586085660;S
20240212;100233;2862.000000000;2;9586085691;S
20240212;100236;2862.000000000;1;9586086126;S
20240212;100236;2862.000000000;5;9586086127;S
20240212;100237;2861.500000000;2;9586086297;S
20240212;100240;2864.000000000;5;9586086737;B
20240212;100243;2863.500000000;2;9586087388;B
20240212;100246;2864.000000000;66;9586087927;B
20240212;100246;2862.500000000;25;9586087953;S
20240212;100246;2862.000000000;1;9586087954;S
20240212;100246;2861.500000000;106;9586087955;S
20240212;100246;2861.500000000;30;9586087956;S
20240212;100249;2863.000000000;30;9586088566;B
20240212;100249;2863.000000000;2;9586088704;B
20240212;100252;2863.000000000;4;9586089574;B
20240212;100252;2863.500000000;5;9586089575;B
20240212;100253;2863.500000000;22;9586089760;B
20240212;100253;2864.000000000;29;9586089761;B
20240212;100253;2864.000000000;2;9586089762;B
20240212;100253;2864.500000000;50;9586089763;B
20240212;100253;2864.500000000;30;9586089764;B
20240212;100253;2865.000000000;100;9586089765;B
20240212;100253;2865.000000000;33;9586089766;B
20240212;100253;2865.000000000;34;9586089767;B
20240212;100253;2862.500000000;2;9586089780;S
20240212;100254;2864.500000000;2;9586090008;B
20240212;100255;2863.000000000;6;9586090217;B
20240212;100255;2864.000000000;24;9586090218;B
20240212;100255;2862.000000000;200;9586090298;S
20240212;100255;2862.000000000;50;9586090299;S
20240212;100257;2864.000000000;10;9586090748;B
20240212;100300;2863.000000000;100;9586091229;S
20240212;100300;2862.500000000;2;9586091230;S
20240212;100300;2861.500000000;30;9586091231;S
20240212;100300;2861.500000000;30;9586091232;S
20240212;100301;2863.500000000;5;9586091357;B
20240212;100307;2861.000000000;12;9586092563;S
20240212;100307;2861.500000000;25;9586092576;B
20240212;100307;2861.500000000;12;9586092577;B
20240212;100307;2862.000000000;1;9586092578;B
20240212;100307;2862.000000000;48;9586092579;B
20240212;100307;2862.000000000;27;9586092580;B
20240212;100307;2862.000000000;32;9586092581;B
20240212;100307;2863.500000000;3;9586092582;B
20240212;100307;2863.500000000;101;9586092583;B
20240212;100307;2863.500000000;8;9586092584;B
20240212;100307;2864.000000000;43;9586092585;B
20240212;100307;2861.000000000;38;9586092646;S
20240212;100308;2861.000000000;1;9586093041;B
20240212;100309;2860.500000000;1;9586093262;S
20240212;100310;2861.000000000;1;9586093332;B
20240212;100317;2862.000000000;1;9586094853;B
20240212;100317;2860.500000000;30;9586094929;S
20240212;100317;2860.500000000;12;9586094930;S
20240212;100317;2860.000000000;20;9586094931;S
20240212;100317;2860.000000000;1;9586094932;S
20240212;100317;2860.000000000;20;9586094933;S
20240212;100317;2860.000000000;5;9586094934;S
20240212;100317;2860.000000000;25;9586094935;S
20240212;100317;2860.000000000;4;9586094936;S
20240212;100317;2860.000000000;2;9586094937;S
20240212;100317;2860.000000000;6;9586094938;S
20240212;100317;2860.000000000;2;9586094939;S
20240212;100317;2860.000000000;30;9586094940;S
20240212;100321;2860.500000000;2;9586095490;B
20240212;100321;2860.500000000;12;9586095491;B
20240212;100321;2861.000000000;21;9586095492;B
20240212;100321;2862.500000000;5;9586095506;B
20240212;100322;2863.000000000;2;9586095771;B
20240212;100322;2863.000000000;30;9586095772;B
20240212;100322;2863.000000000;31;9586095773;B
20240212;100322;2863.500000000;30;9586095774;B
20240212;100322;2863.500000000;12;9586095775;B
20240212;100322;2864.000000000;123;9586095776;B
20240212;100322;2864.000000000;30;9586095777;B
20240212;100322;2864.000000000;5;9586095778;B
20240212;100322;2864.000000000;27;9586095779;B
20240212;100322;2864.500000000;10;9586095780;B
20240212;100329;2863.500000000;4;9586097018;B
20240212;100334;2861.000000000;27;9586097702;S
20240212;100334;2861.000000000;12;9586097703;S
20240212;100334;2860.500000000;30;9586097704;S
20240212;100334;2860.000000000;1;9586097705;S
20240212;100334;2860.000000000;8;9586097706;S
20240212;100334;2860.000000000;22;9586097707;S
20240212;100334;2863.000000000;22;9586097835;B
20240212;100334;2863.000000000;12;9586097836;B
20240212;100334;2863.500000000;1;9586097837;B
20240212;100334;2863.500000000;31;9586097838;B
20240212;100334;2863.500000000;27;9586097839;B
20240212;100334;2863.500000000;8;9586097840;B
20240212;100334;2864.000000000;30;9586097841;B
20240212;100334;2864.500000000;25;9586097842;B
20240212;100334;2864.500000000;78;9586097843;B
20240212;100334;2865.000000000;16;9586097844;B
20240212;100334;2865.000000000;40;9586097845;B
20240212;100334;2865.000000000;10;9586097846;B
20240212;100339;2861.000000000;30;9586098560;S
20240212;100339;2861.000000000;8;9586098561;S
20240212;100339;2860.500000000;26;9586098562;S
20240212;100341;2860.500000000;5;9586099000;S
20240212;100341;2860.000000000;15;9586099001;S
20240212;100341;2860.000000000;12;9586099002;S
20240212;100341;2862.000000000;50;9586099036;B
20240212;100343;2862.000000000;1;9586099286;B
20240212;100345;2862.000000000;40;9586099615;B
20240212;100353;2860.500000000;1;9586101507;S
20240212;100355;2860.500000000;44;9586101722;S
20240212;100356;2860.000000000;4;9586102125;S
20240212;100356;2860.000000000;46;9586102126;S
20240212;100400;2860.000000000;250;9586102711;S
20240212;100400;2860.000000000;2;9586102712;S
20240212;100401;2860.500000000;61;9586102755;B
20240212;100401;2860.500000000;14;9586102756;B
20240212;100401;2861.000000000;5;9586102757;B
20240212;100401;2860.000000000;2;9586102854;S
20240212;100401;2860.000000000;1;9586102855;S
20240212;100401;2860.000000000;1;9586102856;S
20240212;100403;2860.000000000;1;9586103194;B
20240212;100403;2860.000000000;15;9586103197;B
20240212;100403;2860.000000000;14;9586103198;B
20240212;100403;2860.000000000;14;9586103199;B
20240212;100403;2861.000000000;30;9586103200;B
20240212;100403;2861.500000000;27;9586103201;B
20240212;100403;2861.500000000;19;9586103202;B
20240212;100407;2861.500000000;12;9586104152;B
20240212;100407;2861.500000000;14;9586104153;B
20240212;100407;2861.500000000;14;9586104154;B
20240212;100407;2862.000000000;15;9586104155;B
20240212;100409;2861.500000000;4;9586104402;B
20240212;100409;2860.000000000;30;9586104453;S
20240212;100411;2860.000000000;2;9586104662;B
20240212;100412;2859.500000000;4;9586104845;S
20240212;100412;2859.500000000;2;9586104846;S
20240212;100412;2859.000000000;2;9586104847;S
20240212;100412;2859.000000000;1;9586104848;S
20240212;100412;2858.000000000;3;9586104914;S
20240212;100412;2860.000000000;45;9586104915;B
20240212;100412;2860.000000000;5;9586105046;B
20240212;100414;2859.500000000;2;9586105271;S
20240212;100414;2859.500000000;1;9586105306;S
20240212;100415;2860.000000000;1;9586105469;B
20240212;100420;2860.000000000;1;9586106446;B
20240212;100421;2860.000000000;2;9586106559;B
20240212;100421;2859.500000000;1;9586106621;S
20240212;100421;2860.000000000;38;9586106677;B
20240212;100421;2860.000000000;31;9586106678;B
20240212;100421;2860.000000000;70;9586106691;B
20240212;100423;2860.000000000;1;9586106901;B
20240212;100423;2859.500000000;1;9586106931;S
20240212;100426;2860.000000000;1;9586107486;B
20240212;100430;2858.000000000;3;9586108069;S
20240212;100430;2860.000000000;5;9586108107;B
20240212;100434;2859.000000000;3;9586109085;S
20240212;100437;2860.000000000;5;9586109523;B
20240212;100437;2860.000000000;1;9586109598;B
20240212;100441;2860.000000000;56;9586110098;B
20240212;100443;2859.000000000;97;9586110382;S
20240212;100443;2859.000000000;10;9586110383;S
20240212;100444;2859.500000000;1;9586110644;B
20240212;100447;2859.000000000;14;9586110966;B
20240212;100448;2857.500000000;1;9586111192;S
20240212;100452;2858.500000000;3;9586111769;B
20240212;100453;2858.500000000;2;9586111892;B
20240212;100453;2857.500000000;4;9586112000;S
20240212;100453;2857.500000000;2;9586112001;S
20240212;100455;2859.000000000;1;9586112315;B
20240212;100456;2858.500000000;2;9586112583;B
20240212;100457;2859.000000000;1;9586112645;B
20240212;100503;2858.500000000;1;9586113874;B
20240212;100504;2858.500000000;1;9586114003;B
20240212;100505;2858.500000000;10;9586114199;B
20240212;100508;2858.500000000;1;9586114604;S
20240212;100510;2859.000000000;1;9586115042;B
20240212;100511;2859.000000000;10;9586115125;B
20240212;100515;2859.000000000;5;9586115761;S
20240212;100521;2859.500000000;10;9586116673;B
20240212;100522;2859.000000000;1;9586116777;S
20240212;100522;2859.000000000;1;9586116778;S
20240212;100522;2858.500000000;39;9586116779;S
20240212;100522;2858.500000000;10;9586116780;S
20240212;100522;2858.500000000;15;9586116781;S
20240212;100523;2858.500000000;10;9586116945;B
20240212;100524;2858.500000000;1;9586117051;B
20240212;100525;2858.500000000;5;9586117269;B
20240212;100525;2858.000000000;1;9586117270;S
20240212;100534;2857.000000000;350;9586119221;S
20240212;100534;2857.000000000;1;9586119222;S
20240212;100534;2857.000000000;50;9586119223;S
20240212;100534;2856.500000000;2;9586119224;S
20240212;100534;2856.500000000;1;9586119225;S
20240212;100534;2856.500000000;10;9586119226;S
20240212;100534;2856.500000000;27;9586119227;S
20240212;100534;2856.500000000;10;9586119228;S
20240212;100534;2856.500000000;15;9586119229;S
20240212;100534;2856.000000000;2;9586119230;S
20240212;100534;2856.000000000;32;9586119231;S
20240212;100535;2856.000000000;2;9586119299;S
20240212;100536;2856.000000000;20;9586119570;S
20240212;100537;2856.000000000;4;9586119712;S
20240212;100542;2857.000000000;10;9586120412;B
20240212;100544;2856.000000000;12;9586120737;S
20240212;100544;2856.000000000;3;9586120738;S
20240212;100546;2855.000000000;1;9586120978;S
20240212;100546;2855.000000000;4;9586121092;S
20240212;100546;2855.000000000;1;9586121093;S
20240212;100546;2855.000000000;9;9586121094;S
20240212;100546;2855.000000000;10;9586121095;S
20240212;100546;2855.000000000;1;9586121096;S
20240212;100546;2855.000000000;10;9586121097;S
20240212;100550;2856.000000000;20;9586121700;B
20240212;100550;2856.500000000;5;9586121701;B
20240212;100553;2855.000000000;50;9586122289;S
20240212;100557;2856.000000000;6;9586123058;S
20240212;100559;2856.500000000;2;9586123278;S
20240212;100601;2856.500000000;1;9586123638;S
20240212;100601;2856.500000000;48;9586123639;S
20240212;100601;2856.000000000;11;9586123640;S
20240212;100601;2855.500000000;28;9586123641;S
20240212;100601;2855.000000000;37;9586123642;S
20240212;100601;2855.000000000;30;9586123643;S
20240212;100601;2855.000000000;40;9586123644;B
20240212;100601;2855.000000000;5;9586123646;B
20240212;100603;2855.000000000;35;9586123903;S
20240212;100603;2855.000000000;6;9586123904;S
20240212;100603;2854.500000000;59;9586123905;S
20240212;100606;2857.000000000;2;9586124460;B
20240212;100606;2857.000000000;3;9586124461;B
20240212;100606;2857.000000000;13;9586124462;B
20240212;100606;2857.000000000;1;9586124463;B
20240212;100606;2857.500000000;17;9586124464;B
20240212;100606;2857.500000000;30;9586124465;B
20240212;100606;2857.500000000;16;9586124466;B
20240212;100606;2858.000000000;14;9586124467;B
20240212;100606;2858.000000000;8;9586124468;B
20240212;100606;2858.000000000;100;9586124469;B
20240212;100606;2858.000000000;5;9586124470;B
20240212;100606;2858.000000000;22;9586124471;B
20240212;100606;2858.000000000;46;9586124487;B
20240212;100606;2858.500000000;2;9586124488;B
20240212;100606;2858.500000000;14;9586124489;B
20240212;100606;2858.500000000;9;9586124490;B
20240212;100606;2858.500000000;5;9586124491;B
20240212;100611;2856.500000000;1;9586125303;S
20240212;100613;2856.000000000;5;9586125790;S
20240212;100615;2856.000000000;23;9586126187;S
20240212;100615;2856.000000000;2;9586126188;S
20240212;100615;2858.000000000;20;9586126218;B
20240212;100617;2858.000000000;1;9586126508;B
20240212;100617;2858.500000000;1;9586126544;B
20240212;100617;2859.000000000;47;9586126545;B
20240212;100623;2857.000000000;1;9586127770;S
20240212;100623;2857.000000000;2;9586127855;B
20240212;100624;2857.000000000;1;9586128014;B
20240212;100625;2857.000000000;5;9586128179;B
20240212;100625;2858.500000000;3;9586128180;B
20240212;100632;2858.000000000;3;9586129388;S
20240212;100632;2857.000000000;1;9586129389;S
20240212;100632;2857.000000000;1;9586129390;S
20240212;100632;2856.500000000;5;9586129391;S
20240212;100632;2857.500000000;36;9586129441;S
20240212;100632;2857.000000000;26;9586129442;S
20240212;100632;2856.500000000;14;9586129443;S
20240212;100632;2859.000000000;132;9586129523;B
20240212;100646;2858.000000000;36;9586131924;B
20240212;100646;2858.000000000;24;9586131925;B
20240212;100651;2858.000000000;25;9586132664;B
20240212;100651;2858.000000000;30;9586132665;B
20240212;100653;2857.000000000;1;9586132975;S
20240212;100659;2857.000000000;9;9586133863;S
20240212;100659;2857.000000000;1;9586133864;S
20240212;100659;2857.000000000;5;9586133865;S
20240212;100659;2857.000000000;1;9586133866;S
20240212;100659;2856.500000000;25;9586133867;S
20240212;100659;2856.000000000;2;9586133868;S
20240212;100659;2856.000000000;11;9586133869;S
20240212;100700;2858.000000000;7;9586134062;B
20240212;100701;2858.000000000;30;9586134193;B
20240212;100704;2858.000000000;5;9586134589;B
20240212;100704;2857.500000000;5;9586134650;S
20240212;100706;2857.500000000;6;9586135040;S
20240212;100707;2857.500000000;3;9586135094;S
20240212;100715;2858.000000000;5;9586136382;B
20240212;100716;2857.500000000;1;9586136486;S
20240212;100729;2857.000000000;5;9586138590;S
20240212;100730;2857.000000000;95;9586138689;S
20240212;100730;2857.000000000;20;9586138690;S
20240212;100730;2857.000000000;3;9586138691;S
20240212;100730;2857.000000000;3;9586138692;S
20240212;100730;2857.000000000;1;9586138693;S
20240212;100730;2856.500000000;25;9586138694;S
20240212;100730;2855.500000000;28;9586138695;S
20240212;100730;2855.000000000;2;9586138696;S
20240212;100730;2855.000000000;3;9586138697;S
20240212;100730;2857.000000000;12;9586138701;B
20240212;100730;2857.000000000;7;9586138702;B
20240212;100731;2857.000000000;1;9586138964;B
20240212;100731;2857.000000000;6;9586138989;B
20240212;100731;2857.000000000;24;9586138990;B
20240212;100739;2858.000000000;1;9586140213;B
20240212;100741;2857.500000000;5;9586140456;S
20240212;100742;2857.500000000;1;9586140639;S
20240212;100745;2858.000000000;2;9586141154;B
20240212;100745;2857.500000000;10;9586141195;S
20240212;100746;2857.500000000;2;9586141410;S
20240212;100747;2857.000000000;200;9586141556;S
20240212;100750;2857.500000000;5;9586141963;B
20240212;100750;2857.500000000;25;9586141964;B
20240212;100750;2858.000000000;5;9586141965;B
20240212;100750;2858.000000000;1;9586141966;B
20240212;100750;2858.000000000;25;9586141967;B
20240212;100750;2858.000000000;25;9586141968;B
20240212;100750;2858.000000000;9;9586141969;B
20240212;100750;2858.000000000;85;9586141970;B
20240212;100755;2857.000000000;3;9586142596;S
20240212;100756;2857.500000000;23;9586142681;B
20240212;100756;2857.500000000;11;9586142682;B
20240212;100758;2857.500000000;2;9586142957;B
20240212;100759;2857.500000000;1;9586143097;B
20240212;100800;2857.000000000;3;9586143343;S
20240212;100804;2857.000000000;10;9586144105;S
20240212;100804;2857.500000000;1;9586144116;B
20240212;100804;2857.000000000;100;9586144142;S
20240212;100805;2857.000000000;10;9586144255;S
20240212;100807;2857.000000000;11;9586144554;S
20240212;100807;2857.000000000;39;9586144628;S
20240212;100809;2857.500000000;25;9586144860;B
20240212;100809;2857.000000000;12;9586144863;S
20240212;100810;2857.000000000;82;9586145067;S
20240212;100810;2857.000000000;1;9586145068;S
20240212;100811;2856.500000000;10;9586145148;B
20240212;100812;2855.000000000;1;9586145337;S
20240212;100813;2855.000000000;5;9586145414;S
20240212;100814;2855.500000000;1;9586145556;B
20240212;100814;2855.000000000;1;9586145620;S
20240212;100815;2855.000000000;44;9586145643;S
20240212;100815;2855.000000000;25;9586145644;S
20240212;100815;2855.000000000;12;9586145645;S
20240212;100815;2854.500000000;41;9586145646;S
20240212;100815;2854.500000000;52;9586145647;S
20240212;100815;2854.500000000;76;9586145648;S
20240212;100815;2854.500000000;1;9586145649;S
20240212;100815;2855.000000000;7;9586145815;B
20240212;100818;2854.500000000;1;9586146342;S
20240212;100818;2854.500000000;1;9586146456;S
20240212;100819;2855.000000000;1;9586146613;B
20240212;100819;2854.500000000;38;9586146663;S
20240212;100824;2855.000000000;2;9586147359;B
20240212;100824;2855.000000000;1;9586147367;B
20240212;100825;2854.500000000;2;9586147508;S
20240212;100825;2854.500000000;56;9586147513;S
20240212;100825;2854.500000000;20;9586147514;S
20240212;100825;2854.000000000;5;9586147515;S
20240212;100825;2854.000000000;3;9586147516;S
20240212;100825;2854.000000000;100;9586147517;S
20240212;100825;2853.500000000;25;9586147518;S
20240212;100825;2853.000000000;1;9586147519;S
20240212;100825;2853.000000000;1;9586147520;S
20240212;100825;2853.000000000;1;9586147521;S
20240212;100825;2853.000000000;1;9586147522;S
20240212;100825;2853.000000000;2;9586147523;S
20240212;100825;2853.000000000;2;9586147524;S
20240212;100825;2853.000000000;5;9586147525;S
20240212;100825;2853.000000000;2;9586147526;S
20240212;100825;2853.000000000;30;9586147527;S
20240212;100825;2852.500000000;3;9586147528;S
20240212;100825;2852.500000000;106;9586147529;S
20240212;100825;2852.500000000;5;9586147530;S
20240212;100825;2852.000000000;42;9586147531;S
20240212;100828;2851.000000000;1;9586148041;S
20240212;100828;2851.000000000;5;9586148042;S
20240212;100828;2851.000000000;14;9586148043;S
20240212;100836;2851.000000000;2;9586149240;S
20240212;100838;2850.500000000;1;9586149447;S
20240212;100838;2850.500000000;20;9586149448;S
20240212;100838;2850.500000000;250;9586149449;S
20240212;100838;2850.500000000;25;9586149450;S
20240212;100840;2851.000000000;1;9586149691;B
20240212;100840;2851.000000000;2;9586149778;B
20240212;100844;2852.000000000;2;9586150345;B
20240212;100852;2852.500000000;13;9586151387;S
20240212;100902;2852.500000000;6;9586153004;S
20240212;100908;2853.000000000;1;9586153801;S
20240212;100908;2853.000000000;23;9586153802;S
20240212;100913;2854.000000000;1;9586154521;B
20240212;100917;2854.000000000;7;9586155067;B
20240212;100918;2853.000000000;2;9586155114;S
20240212;100918;2854.000000000;1;9586155130;B
20240212;100918;2852.500000000;9;9586155157;S
20240212;100918;2852.500000000;10;9586155158;S
20240212;100918;2852.500000000;12;9586155159;S
20240212;100919;2853.000000000;5;9586155458;S
20240212;100919;2852.500000000;58;9586155459;S
20240212;100919;2852.000000000;7;9586155460;S
20240212;100920;2854.000000000;2;9586155520;B
20240212;100920;2854.000000000;20;9586155521;B
20240212;100928;2854.500000000;25;9586156723;B
20240212;100937;2854.000000000;1;9586158067;B
20240212;100937;2854.000000000;5;9586158068;B
20240212;100937;2854.500000000;22;9586158069;B
20240212;100937;2854.500000000;18;9586158070;B
20240212;100939;2854.500000000;1;9586158317;B
20240212;100940;2854.000000000;2;9586158383;S
20240212;100940;2854.500000000;2;9586158429;B
20240212;100945;2853.500000000;1;9586159211;S
20240212;100949;2854.500000000;1;9586159703;B
20240212;100950;2854.500000000;6;9586159840;B
20240212;100952;2854.500000000;10;9586160027;B
20240212;100953;2854.000000000;3;9586160179;S
20240212;100953;2854.000000000;1;9586160180;S
20240212;100953;2854.000000000;16;9586160181;B
20240212;100958;2854.000000000;1;9586160997;S
20240212;100958;2854.500000000;50;9586161084;B
20240212;100958;2854.500000000;25;9586161093;B
20240212;100959;2854.500000000;10;9586161297;B
20240212;101001;2854.500000000;1;9586161582;B
20240212;101001;2854.500000000;10;9586161704;B
20240212;101002;2854.000000000;3;9586161754;S
20240212;101002;2854.500000000;9;9586161789;B
20240212;101002;2854.500000000;1;9586161829;B
20240212;101003;2854.000000000;10;9586162012;S
20240212;101003;2854.500000000;92;9586162013;B
20240212;101009;2854.500000000;21;9586163044;B
20240212;101009;2855.000000000;29;9586163045;B
20240212;101017;2855.000000000;10;9586164057;B
20240212;101019;2855.000000000;10;9586164306;S
20240212;101020;2855.000000000;40;9586164349;B
20240212;101023;2855.000000000;100;9586164742;B
20240212;101031;2855.000000000;2;9586165707;B
20240212;101031;2855.500000000;4;9586165708;B
20240212;101035;2856.500000000;1;9586166271;B
20240212;101035;2856.500000000;2;9586166281;B
20240212;101035;2856.500000000;1;9586166282;B
20240212;101037;2856.500000000;19;9586166553;B
20240212;101037;2856.500000000;2;9586166554;B
20240212;101037;2856.500000000;15;9586166555;B
20240212;101037;2857.000000000;14;9586166556;B
20240212;101042;2856.000000000;1;9586167252;S
20240212;101048;2857.000000000;13;9586168083;B
20240212;101050;2857.000000000;1;9586168427;B
20240212;101052;2855.500000000;20;9586168623;S
20240212;101052;2857.000000000;5;9586168701;B
20240212;101053;2857.000000000;20;9586168743;B
20240212;101054;2857.000000000;1;9586168989;B
20240212;101055;2857.000000000;1;9586169084;B
20240212;101056;2857.000000000;57;9586169209;B
20240212;101058;2857.000000000;1;9586169427;B
20240212;101059;2857.000000000;1;9586169502;B
20240212;101059;2856.500000000;8;9586169524;S
20240212;101100;2857.000000000;250;9586169732;B
20240212;101101;2857.000000000;2;9586169768;B
20240212;101102;2856.500000000;1;9586169933;S
20240212;101102;2857.000000000;40;9586170056;B
20240212;101103;2856.500000000;1;9586170086;S
20240212;101103;2856.500000000;1;9586170087;S
20240212;101104;2856.500000000;5;9586170266;S
20240212;101104;2857.000000000;154;9586170286;B
20240212;101105;2857.000000000;1;9586170416;B
20240212;101109;2857.000000000;35;9586170910;B
20240212;101112;2856.500000000;24;9586171275;S
20240212;101112;2856.500000000;16;9586171276;S
20240212;101115;2857.000000000;35;9586171656;B
20240212;101119;2856.500000000;25;9586172227;S
20240212;101119;2856.500000000;15;9586172228;S
20240212;101121;2856.500000000;4;9586172507;S
20240212;101121;2857.000000000;1;9586172550;B
20240212;101122;2856.500000000;1;9586172665;S
20240212;101122;2856.500000000;4;9586172680;S
20240212;101123;2857.000000000;3;9586172715;B
20240212;101123;2857.000000000;44;9586172716;B
20240212;101123;2857.000000000;10;9586172782;B
20240212;101124;2857.000000000;100;9586172882;B
20240212;101124;2857.000000000;3;9586172883;B
20240212;101124;2857.000000000;125;9586172935;B
20240212;101124;2857.000000000;100;9586172936;B
20240212;101124;2857.000000000;25;9586172937;B
20240212;101124;2857.000000000;3;9586172938;B
20240212;101124;2857.000000000;1;9586172939;B
20240212;101125;2857.000000000;4;9586172988;B
20240212;101126;2857.000000000;2;9586173087;B
20240212;101126;2857.000000000;1;9586173088;B
20240212;101126;2858.000000000;30;9586173089;B
20240212;101129;2858.500000000;1;9586173469;B
20240212;101133;2857.500000000;1;9586174003;S
20240212;101140;2857.000000000;1;9586174843;S
20240212;101140;2857.000000000;35;9586174865;S
20240212;101151;2857.500000000;12;9586176201;B
20240212;101152;2857.500000000;18;9586176300;B
20240212;101152;2857.500000000;19;9586176301;B
20240212;101152;2858.000000000;1;9586176302;B
20240212;101152;2858.000000000;12;9586176303;B
20240212;101152;2857.000000000;1;9586176332;S
20240212;101153;2857.000000000;1;9586176452;S
20240212;101154;2857.500000000;1;9586176609;B
20240212;101154;2857.500000000;1;9586176610;B
20240212;101154;2857.500000000;8;9586176611;B
20240212;101156;2857.500000000;2;9586176973;B
20240212;101156;2857.500000000;4;9586176974;B
20240212;101157;2857.000000000;1;9586176996;S
20240212;101203;2858.000000000;2;9586177752;B
20240212;101208;2857.000000000;2;9586178743;S
20240212;101208;2857.000000000;1;9586178744;S
20240212;101208;2857.000000000;1;9586178745;S
20240212;101208;2857.000000000;23;9586178746;S
20240212;101208;2857.000000000;4;9586178747;S
20240212;101209;2857.000000000;1;9586179009;S
20240212;101209;2857.000000000;1;9586179010;S
20240212;101211;2857.500000000;1;9586179168;B
20240212;101221;2857.500000000;1;9586180575;B
20240212;101222;2857.500000000;8;9586180652;B
20240212;101225;2857.500000000;3;9586181164;B
20240212;101228;2857.500000000;3;9586181495;B
20240212;101228;2857.500000000;2;9586181496;B
20240212;101228;2858.000000000;19;9586181497;B
20240212;101228;2857.000000000;1;9586181522;S
20240212;101234;2857.500000000;9;9586182406;B
20240212;101240;2857.500000000;10;9586183016;B
20240212;101240;2857.500000000;4;9586183024;B
20240212;101240;2857.000000000;1;9586183059;S
20240212;101241;2857.000000000;7;9586183117;S
20240212;101241;2857.000000000;2;9586183118;S
20240212;101242;2857.500000000;2;9586183198;B
20240212;101243;2857.500000000;23;9586183301;B
20240212;101243;2857.500000000;1;9586183302;B
20240212;101243;2857.000000000;1;9586183318;S
20240212;101244;2857.500000000;4;9586183471;B
20240212;101246;2857.500000000;1;9586183626;B
20240212;101246;2857.000000000;1;9586183629;S
20240212;101246;2857.000000000;1;9586183722;S
20240212;101248;2857.500000000;1;9586183963;B
20240212;101248;2857.500000000;6;9586183964;B
20240212;101250;2857.000000000;1;9586184285;S
20240212;101252;2857.500000000;2;9586184578;B
20240212;101252;2857.000000000;1;9586184584;S
20240212;101253;2858.000000000;2;9586184719;B
20240212;101256;2857.500000000;4;9586185030;S
20240212;101257;2857.500000000;5;9586185232;S
20240212;101259;2858.000000000;2;9586185460;B
20240212;101259;2858.000000000;1;9586185461;B
20240212;101300;2858.000000000;1;9586185510;B
20240212;101301;2858.000000000;3;9586185632;B
20240212;101303;2858.000000000;1;9586185884;B
20240212;101305;2857.500000000;1;9586186010;S
20240212;101307;2858.000000000;1;9586186238;B
20240212;101311;2857.500000000;5;9586186683;S
20240212;101318;2857.500000000;2;9586187615;B
20240212;101318;2857.500000000;23;9586187631;B
20240212;101318;2857.500000000;22;9586187632;B
20240212;101318;2858.000000000;12;9586187633;B
20240212;101322;2857.500000000;1;9586188239;S
20240212;101323;2857.500000000;7;9586188299;S
20240212;101323;2858.000000000;1;9586188374;B
20240212;101323;2857.500000000;22;9586188382;S
20240212;101323;2857.000000000;23;9586188383;S
20240212;101323;2857.000000000;3;9586188384;S
20240212;101323;2857.000000000;1;9586188385;S
20240212;101323;2857.000000000;1;9586188386;S
20240212;101325;2857.500000000;1;9586188540;S
20240212;101325;2858.000000000;1;9586188565;B
20240212;101327;2858.000000000;2;9586188883;B
20240212;101330;2858.000000000;1;9586189203;B
20240212;101330;2857.500000000;1;9586189224;S
20240212;101333;2858.000000000;1;9586189496;B
20240212;101333;2857.500000000;4;9586189590;S
20240212;101334;2857.500000000;15;9586189622;S
20240212;101335;2857.500000000;5;9586189950;S
20240212;101336;2858.000000000;46;9586190035;B
20240212;101336;2858.000000000;8;9586190036;B
20240212;101336;2858.000000000;25;9586190037;B
20240212;101336;2858.000000000;10;9586190038;B
20240212;101336;2858.000000000;22;9586190039;B
20240212;101336;2858.000000000;1;9586190078;S
20240212;101337;2858.000000000;32;9586190156;S
20240212;101337;2858.000000000;1;9586190194;S
20240212;101342;2858.000000000;1;9586190757;S
20240212;101343;2858.500000000;1;9586190974;B
20240212;101345;2858.000000000;1;9586191149;S
20240212;101346;2858.500000000;1;9586191171;B
20240212;101346;2858.000000000;1;9586191189;S
20240212;101351;2858.500000000;1;9586191824;B
20240212;101357;2858.500000000;30;9586192504;B
20240212;101357;2858.500000000;10;9586192505;B
20240212;101358;2858.500000000;2;9586192696;B
20240212;101359;2858.000000000;1;9586192715;S
20240212;101400;2858.000000000;65;9586192874;S
20240212;101401;2858.500000000;1;9586193023;B
20240212;101402;2858.500000000;1;9586193211;B
20240212;101402;2858.500000000;4;9586193212;B
20240212;101403;2858.000000000;1;9586193261;S
20240212;101403;2858.500000000;6;9586193270;B
20240212;101403;2858.500000000;17;9586193271;B
20240212;101403;2858.500000000;22;9586193272;B
20240212;101403;2859.000000000;1;9586193273;B
20240212;101403;2859.000000000;2;9586193274;B
20240212;101403;2859.000000000;5;9586193275;B
20240212;101403;2858.500000000;1;9586193298;S
20240212;101408;2858.500000000;1;9586193921;S
20240212;101408;2859.000000000;2;9586193941;B
20240212;101410;2859.000000000;1;9586194117;B
20240212;101414;2858.500000000;9;9586194684;S
20240212;101420;2859.000000000;1;9586195490;B
20240212;101425;2858.500000000;27;9586195901;S
20240212;101425;2858.500000000;36;9586195902;S
20240212;101425;2858.000000000;437;9586195903;S
20240212;101425;2858.500000000;16;9586195904;S
20240212;101425;2858.000000000;2;9586195905;S
20240212;101426;2858.500000000;2;9586195972;S
20240212;101426;2858.000000000;3;9586195973;S
20240212;101426;2858.000000000;13;9586195974;S
20240212;101427;2858.000000000;1;9586196293;S
20240212;101429;2858.500000000;10;9586196479;B
20240212;101431;2859.000000000;3;9586196919;B
20240212;101432;2859.000000000;1;9586197152;B
20240212;101435;2858.500000000;1;9586197664;B
20240212;101441;2858.000000000;2;9586198442;S
20240212;101443;2859.000000000;2;9586198711;B
20240212;101446;2859.000000000;2;9586199357;B
20240212;101448;2859.000000000;2;9586199563;B
20240212;101452;2859.000000000;1;9586200096;B
20240212;101453;2858.500000000;1;9586200276;S
20240212;101454;2859.000000000;1;9586200304;B
20240212;101456;2858.500000000;2;9586200557;S
20240212;101458;2858.500000000;500;9586200913;S
20240212;101459;2858.000000000;1;9586200974;S
20240212;101459;2858.000000000;8;9586200975;S
20240212;101500;2858.000000000;4;9586201170;S
20240212;101500;2858.500000000;11;9586201179;B
20240212;101500;2858.000000000;1;9586201250;S
20240212;101500;2858.000000000;1;9586201415;S
20240212;101502;2858.000000000;32;9586201753;S
20240212;101502;2858.000000000;68;9586201754;S
20240212;101502;2858.000000000;1;9586201784;S
20240212;101503;2858.000000000;1;9586202557;S
20240212;101503;2858.000000000;30;9586202845;S
20240212;101503;2857.000000000;2;9586202869;S
20240212;101505;2857.500000000;1;9586203678;B
20240212;101507;2857.000000000;8;9586204817;S
20240212;101508;2857.500000000;1;9586204993;B
20240212;101508;2857.000000000;1;9586205165;S
20240212;101509;2857.000000000;21;9586205298;S
20240212;101509;2857.000000000;2;9586205299;S
20240212;101509;2857.000000000;4;9586205300;S
20240212;101509;2856.500000000;8;9586205441;B
20240212;101510;2856.000000000;1;9586205501;S
20240212;101510;2856.000000000;2;9586205512;S
20240212;101514;2856.000000000;27;9586206530;S
20240212;101514;2856.000000000;1;9586206531;S
20240212;101514;2856.000000000;5;9586206532;S
20240212;101514;2855.500000000;2;9586206533;S
20240212;101520;2856.000000000;1;9586207638;B
20240212;101522;2856.000000000;2;9586208065;B
20240212;101531;2856.500000000;1;9586210538;B
20240212;101552;2857.000000000;5;9586214894;S
20240212;101557;2857.000000000;5;9586215894;S
20240212;101559;2858.500000000;1;9586216367;B
20240212;101604;2858.000000000;7;9586217508;B
20240212;101608;2858.000000000;3;9586218295;B
20240212;101619;2857.000000000;1;9586220714;B
20240212;101620;2856.500000000;3;9586220784;S
20240212;101626;2857.000000000;6;9586222145;B
20240212;101628;2856.500000000;1;9586222406;S
20240212;101630;2857.000000000;1;9586222825;B
20240212;101632;2857.000000000;4;9586223322;B
20240212;101634;2856.500000000;1;9586223593;S
20240212;101635;2857.000000000;33;9586223889;B
20240212;101635;2857.000000000;20;9586223890;B
20240212;101635;2857.000000000;13;9586223891;B
20240212;101635;2857.500000000;84;9586223892;B
20240212;101640;2856.500000000;1;9586224779;S
20240212;101646;2856.500000000;5;9586226057;S
20240212;101649;2857.000000000;1;9586226659;B
20240212;101651;2856.500000000;1;9586226980;B
20240212;101651;2856.500000000;20;9586226981;B
20240212;101651;2857.000000000;25;9586226982;B
20240212;101652;2857.000000000;6;9586227129;B
20240212;101655;2857.000000000;3;9586227669;B
20240212;101655;2857.000000000;20;9586227670;B
20240212;101657;2858.000000000;1;9586228071;B
20240212;101657;2858.500000000;2;9586228072;B
20240212;101657;2858.500000000;10;9586228073;B
20240212;101657;2858.500000000;23;9586228074;B
20240212;101659;2858.500000000;5;9586228329;B
20240212;101659;2858.500000000;1;9586228330;B
20240212;101659;2858.500000000;29;9586228331;B
20240212;101704;2857.500000000;9;9586229546;S
20240212;101705;2858.500000000;2;9586229792;B
20240212;101709;2858.500000000;2;9586230393;B
20240212;101716;2857.500000000;15;9586231775;S
20240212;101718;2857.500000000;1;9586231970;S
20240212;101721;2857.500000000;10;9586232582;B
20240212;101722;2857.500000000;1;9586232772;B
20240212;101725;2857.000000000;5;9586233314;S
20240212;101726;2857.500000000;12;9586233566;B
20240212;101728;2857.000000000;162;9586233928;S
20240212;101728;2857.000000000;3;9586233929;S
20240212;101737;2856.500000000;3;9586235688;S
20240212;101737;2856.000000000;2;9586235803;S
20240212;101739;2857.000000000;5;9586236116;B
20240212;101742;2856.000000000;18;9586236504;S
20240212;101742;2856.000000000;7;9586236505;S
20240212;101742;2856.000000000;21;9586236506;S
20240212;101742;2856.000000000;105;9586236507;S
20240212;101743;2856.000000000;1;9586236600;B
20240212;101743;2855.500000000;1;9586236666;S
20240212;101743;2855.500000000;1;9586236667;S
20240212;101743;2855.500000000;3;9586236668;S
20240212;101743;2856.000000000;1;9586236680;B
20240212;101744;2855.500000000;2;9586236900;S
20240212;101744;2855.500000000;30;9586236901;S
20240212;101744;2855.500000000;20;9586236902;S
20240212;101747;2856.000000000;5;9586237327;B
20240212;101750;2856.500000000;5;9586237657;B
20240212;101752;2856.500000000;1;9586238039;B
20240212;101755;2856.500000000;2;9586238551;B
20240212;101759;2856.000000000;5;9586239114;S
20240212;101801;2856.000000000;5;9586239442;S
20240212;101803;2856.500000000;2;9586239704;B
20240212;101803;2856.500000000;2;9586239705;B
20240212;101807;2857.500000000;4;9586240337;B
20240212;101811;2857.000000000;5;9586240866;B
20240212;101811;2857.500000000;1;9586240867;B
20240212;101811;2857.500000000;7;9586240868;B
20240212;101811;2858.000000000;5;9586240924;B
20240212;101811;2858.000000000;5;9586240925;B
20240212;101822;2858.000000000;7;9586242643;S
20240212;101823;2858.500000000;1;9586242743;B
20240212;101824;2858.500000000;1;9586242949;B
20240212;101827;2858.000000000;2;9586243371;S
20240212;101828;2858.000000000;1;9586243422;S
20240212;101840;2858.500000000;5;9586245512;B
20240212;101841;2858.500000000;1;9586245579;B
20240212;101859;2858.000000000;1;9586248312;B
20240212;101859;2858.000000000;10;9586248313;B
20240212;101902;2857.500000000;1;9586248821;S
20240212;101902;2857.500000000;1;9586248871;S
20240212;101902;2858.000000000;1;9586248890;B
20240212;101905;2858.000000000;1;9586249252;B
20240212;101910;2858.000000000;1;9586250061;B
20240212;101911;2858.000000000;2;9586250199;B
20240212;101911;2857.500000000;4;9586250210;S
20240212;101912;2857.500000000;4;9586250425;S
20240212;101912;2857.500000000;1;9586250426;S
20240212;101912;2857.500000000;1;9586250432;S
20240212;101919;2857.500000000;1;9586251408;S
20240212;101924;2858.000000000;1;9586252251;B
20240212;101927;2857.500000000;2;9586252713;S
20240212;101930;2857.500000000;3;9586253180;B
20240212;101932;2857.000000000;2;9586253413;S
20240212;101934;2857.500000000;1;9586253822;B
20240212;101937;2858.000000000;1;9586254321;B
20240212;101938;2857.000000000;3;9586254485;S
20240212;101938;2857.000000000;1;9586254486;S
20240212;101938;2857.000000000;40;9586254487;S
20240212;101938;2857.000000000;18;9586254488;S
20240212;101939;2857.000000000;2;9586254775;B
20240212;101939;2857.000000000;1;9586254805;B
20240212;101943;2857.000000000;53;9586255328;B
20240212;101944;2857.000000000;57;9586255394;B
20240212;101944;2857.000000000;10;9586255395;B
20240212;101944;2857.000000000;18;9586255396;B
20240212;101944;2858.000000000;15;9586255397;B
20240212;102012;2858.000000000;1;9586261827;B
20240212;102012;2858.000000000;18;9586261828;B
20240212;102012;2858.000000000;10;9586261829;B
20240212;102012;2858.000000000;5;9586261830;B
20240212;102012;2858.000000000;1;9586261831;B
20240212;102012;2858.000000000;1;9586261832;B
20240212;102017;2858.000000000;1;9586264380;B
20240212;102017;2858.000000000;1;9586264381;B
20240212;102017;2858.000000000;18;9586264382;B
20240212;102017;2858.000000000;14;9586264383;B
20240212;102027;2857.500000000;3;9586269652;B
20240212;102027;2857.000000000;1;9586269709;S
20240212;102028;2857.500000000;1;9586269838;B
20240212;102029;2857.500000000;1;9586270005;B
20240212;102029;2857.500000000;1;9586270044;B
20240212;102030;2857.500000000;1;9586270237;B
20240212;102030;2857.500000000;2;9586270299;B
20240212;102031;2857.500000000;2;9586270385;B
20240212;102031;2857.500000000;1;9586270485;B
20240212;102032;2857.500000000;1;9586270629;B
20240212;102034;2857.500000000;17;9586273949;B
20240212;102034;2857.500000000;18;9586273950;B
20240212;102034;2858.000000000;5;9586273951;B
20240212;102034;2857.000000000;1;9586273983;S
20240212;102034;2857.500000000;1;9586274033;B
20240212;102035;2857.000000000;1;9586274091;S
20240212;102035;2857.000000000;1;9586274092;S
20240212;102035;2857.000000000;1;9586274093;S
20240212;102035;2856.500000000;12;9586274094;S
20240212;102035;2856.500000000;13;9586274095;S
20240212;102036;2857.500000000;1;9586274405;B
20240212;102036;2857.500000000;1;9586274427;B
20240212;102037;2857.500000000;1;9586274523;B
20240212;102037;2857.000000000;1;9586274579;S
20240212;102037;2856.500000000;4;9586274580;S
20240212;102038;2856.500000000;1;9586274863;B
20240212;102039;2856.500000000;1;9586275350;B
20240212;102040;2856.500000000;1;9586275750;B
20240212;102042;2856.500000000;1;9586276746;B
20240212;102045;2856.500000000;1;9586277503;B
20240212;102045;2857.000000000;17;9586277504;B
20240212;102045;2857.000000000;100;9586277505;B
20240212;102046;2857.000000000;1;9586278406;B
20240212;102046;2857.000000000;5;9586278513;B
20240212;102047;2857.000000000;2;9586279644;B
20240212;102048;2856.500000000;16;9586279900;S
20240212;102048;2856.500000000;1;9586279919;S
20240212;102049;2857.000000000;2;9586279967;B
20240212;102049;2857.000000000;4;9586279968;B
20240212;102052;2857.500000000;1;9586281105;B
20240212;102052;2857.000000000;1;9586281120;S
20240212;102053;2857.500000000;1;9586281396;B
20240212;102054;2857.500000000;21;9586281634;B
20240212;102054;2857.500000000;5;9586281635;B
20240212;102054;2857.500000000;17;9586281636;B
20240212;102054;2858.000000000;51;9586281637;B
20240212;102054;2858.000000000;1;9586281638;B
20240212;102054;2858.000000000;5;9586281639;B
20240212;102054;2858.500000000;42;9586281640;B
20240212;102054;2858.500000000;1;9586281641;B
20240212;102054;2858.500000000;1;9586281642;B
20240212;102054;2858.500000000;5;9586281643;B
20240212;102054;2858.500000000;1;9586281644;B
20240212;102054;2858.500000000;30;9586281645;B
20240212;102054;2858.500000000;87;9586281646;B
20240212;102054;2859.000000000;2;9586281647;B
20240212;102054;2859.000000000;19;9586281648;B
20240212;102054;2859.000000000;175;9586281649;B
20240212;102054;2859.000000000;1;9586281650;B
20240212;102054;2859.000000000;70;9586281651;B
20240212;102054;2859.000000000;5;9586281652;B
20240212;102054;2859.000000000;8;9586281653;B
20240212;102054;2859.500000000;144;9586281654;B
20240212;102054;2859.500000000;5;9586281655;B
20240212;102054;2859.500000000;1;9586281656;B
20240212;102054;2859.500000000;10;9586281657;B
20240212;102054;2859.500000000;3;9586281658;B
20240212;102054;2860.000000000;36;9586281659;B
20240212;102054;2860.000000000;2;9586281660;B
20240212;102054;2860.000000000;3;9586281661;B
20240212;102054;2860.000000000;5;9586281662;B
20240212;102054;2860.000000000;5;9586281663;B
20240212;102054;2860.000000000;20;9586281664;B
20240212;102054;2860.000000000;2;9586281665;B
20240212;102054;2860.000000000;1;9586281666;B
20240212;102054;2860.000000000;1;9586281667;B
20240212;102054;2860.000000000;7;9586281668;B
20240212;102054;2860.000000000;10;9586281669;B
20240212;102054;2860.000000000;1;9586281670;B
20240212;102054;2860.000000000;4;9586281671;B
20240212;102054;2860.000000000;2;9586281672;B
20240212;102054;2860.000000000;2;9586281673;B
20240212;102054;2860.000000000;1;9586281674;B
20240212;102054;2860.000000000;27;9586281675;B
20240212;102054;2860.000000000;10;9586281676;B
20240212;102054;2860.000000000;5;9586281677;B
20240212;102054;2860.000000000;27;9586281678;B
20240212;102054;2860.000000000;18;9586281679;B
20240212;102054;2860.500000000;5;9586281680;B
20240212;102054;2861.000000000;30;9586281681;B
20240212;102054;2861.000000000;6;9586281682;B
20240212;102054;2858.000000000;1;9586281690;S
20240212;102054;2858.500000000;1;9586281717;S
20240212;102059;2858.000000000;10;9586284570;S
20240212;102102;2858.500000000;3;9586285576;B
20240212;102102;2858.000000000;17;9586285688;S
20240212;102106;2858.500000000;1;9586287407;B
20240212;102108;2858.500000000;1;9586287958;B
20240212;102108;2858.500000000;1;9586287959;B
20240212;102112;2857.500000000;37;9586289299;S
20240212;102118;2857.500000000;17;9586291658;S
20240212;102118;2857.000000000;31;9586291659;S
20240212;102118;2856.500000000;2;9586291660;S
20240212;102120;2858.500000000;5;9586292226;B
20240212;102120;2859.000000000;4;9586292227;B
20240212;102124;2857.000000000;15;9586294140;S
20240212;102124;2857.000000000;17;9586294141;S
20240212;102124;2857.000000000;5;9586294142;S
20240212;102125;2859.000000000;2;9586294246;B
20240212;102131;2857.000000000;4;9586296494;S
20240212;102141;2857.000000000;1;9586300365;S
20240212;102141;2857.000000000;1;9586300366;S
20240212;102142;2857.000000000;12;9586300826;S
20240212;102143;2857.000000000;1;9586300974;S
20240212;102158;2858.000000000;17;9586306618;B
20240212;102158;2858.500000000;5;9586306619;B
20240212;102158;2858.500000000;13;9586306620;B
20240212;102158;2859.000000000;5;9586306653;B
20240212;102204;2857.000000000;35;9586308906;S
20240212;102205;2857.000000000;47;9586308988;S
20240212;102205;2857.000000000;1;9586308989;S
20240212;102205;2857.000000000;10;9586308990;S
20240212;102205;2857.000000000;1;9586309051;B
20240212;102206;2857.000000000;2;9586309181;B
20240212;102208;2857.000000000;1;9586310495;B
20240212;102208;2857.000000000;1;9586310574;B
20240212;102209;2857.000000000;1;9586311014;B
20240212;102211;2857.000000000;76;9586311579;B
20240212;102211;2858.000000000;1;9586311590;B
20240212;102216;2858.500000000;36;9586313547;B
20240212;102216;2858.500000000;10;9586313548;B
20240212;102216;2858.500000000;16;9586313549;B
20240212;102216;2858.500000000;3;9586313550;B
20240212;102216;2858.500000000;3;9586313551;B
20240212;102224;2857.500000000;1;9586316925;B
20240212;102225;2857.500000000;2;9586317173;B
20240212;102225;2857.000000000;1;9586317318;S
20240212;102228;2857.500000000;1;9586318124;B
20240212;102228;2857.500000000;1;9586318155;B
20240212;102228;2857.500000000;3;9586318156;B
20240212;102231;2858.000000000;2;9586319872;B
20240212;102233;2858.000000000;1;9586320087;B
20240212;102237;2858.000000000;5;9586321872;B
20240212;102237;2858.000000000;3;9586321873;B
20240212;102237;2858.000000000;20;9586321874;B
20240212;102237;2858.000000000;16;9586321875;B
20240212;102237;2858.500000000;36;9586321876;B
20240212;102237;2858.500000000;3;9586321877;B
20240212;102237;2859.000000000;17;9586321878;B
20240212;102256;2857.000000000;23;9586329504;S
20240212;102256;2857.000000000;2;9586329505;S
20240212;102256;2856.500000000;6;9586329506;S
20240212;102256;2856.500000000;1;9586329507;S
20240212;102256;2856.500000000;16;9586329508;S
20240212;102256;2856.500000000;8;9586329509;S
20240212;102256;2856.500000000;24;9586329510;S
20240212;102256;2856.000000000;5;9586329511;S
20240212;102256;2856.000000000;10;9586329512;S
20240212;102256;2856.000000000;10;9586329513;S
20240212;102256;2856.000000000;8;9586329514;S
20240212;102303;2856.000000000;2;9586332323;S
20240212;102303;2856.000000000;1;9586332324;S
20240212;102311;2856.000000000;2;9586336015;S
20240212;102311;2855.500000000;1;9586336022;S
20240212;102312;2856.500000000;5;9586336180;B
20240212;102313;2857.000000000;1;9586337160;B
20240212;102315;2856.000000000;35;9586337465;S
20240212;102321;2857.000000000;1;9586339652;B
20240212;102322;2857.000000000;1;9586339823;B
20240212;102325;2857.000000000;1;9586341370;B
20240212;102330;2856.000000000;65;9586342692;S
20240212;102330;2856.000000000;1;9586342693;S
20240212;102330;2856.000000000;16;9586342694;S
20240212;102331;2856.000000000;2;9586343364;B
20240212;102334;2855.500000000;24;9586344608;S
20240212;102334;2855.500000000;27;9586344609;S
20240212;102334;2855.500000000;1;9586344610;S
20240212;102334;2855.500000000;15;9586344611;S
20240212;102334;2855.000000000;2;9586344612;S
20240212;102334;2855.000000000;5;9586344613;S
20240212;102334;2855.000000000;1;9586344614;S
20240212;102334;2855.000000000;50;9586344615;S
20240212;102334;2855.000000000;22;9586344616;S
20240212;102334;2855.000000000;30;9586344617;S
20240212;102334;2855.000000000;1;9586344618;S
20240212;102334;2855.000000000;3;9586344619;S
20240212;102334;2855.000000000;1;9586344620;S
20240212;102334;2855.000000000;1;9586344621;S
20240212;102334;2855.000000000;1;9586344622;S
20240212;102334;2855.000000000;175;9586344623;S
20240212;102334;2855.000000000;1;9586344624;S
20240212;102334;2855.000000000;30;9586344625;S
20240212;102334;2855.000000000;8;9586344626;S
20240212;102334;2855.000000000;40;9586344627;B
20240212;102334;2854.500000000;1;9586344630;S
20240212;102334;2854.500000000;1;9586344631;S
20240212;102335;2855.000000000;8;9586345083;B
20240212;102335;2855.000000000;1;9586345095;B
20240212;102335;2854.500000000;2;9586345216;S
20240212;102336;2854.500000000;5;9586345231;S
20240212;102338;2855.000000000;9;9586346252;B
20240212;102340;2854.500000000;5;9586347359;S
20240212;102342;2855.000000000;1;9586347619;B
20240212;102342;2854.500000000;6;9586347620;S
20240212;102343;2854.000000000;6;9586348091;S
20240212;102343;2854.000000000;1;9586348092;S
20240212;102343;2854.000000000;5;9586348093;S
20240212;102343;2854.000000000;1;9586348094;S
20240212;102343;2854.000000000;1;9586348095;S
20240212;102343;2854.000000000;1;9586348096;S
20240212;102343;2853.500000000;4;9586348097;S
20240212;102344;2854.500000000;17;9586348184;B
20240212;102345;2854.000000000;1;9586348431;B
20240212;102346;2853.500000000;38;9586348516;S
20240212;102353;2853.000000000;10;9586351694;S
20240212;102353;2853.000000000;3;9586351695;S
20240212;102400;2853.000000000;1;9586354346;S
20240212;102402;2853.000000000;6;9586354804;S
20240212;102402;2853.000000000;6;9586354805;S
20240212;102404;2854.000000000;4;9586355264;B
20240212;102404;2855.000000000;3;9586355265;B
20240212;102404;2855.000000000;2;9586355266;B
20240212;102405;2855.000000000;1;9586355497;S
20240212;102407;2855.000000000;1;9586355788;S
20240212;102409;2855.000000000;44;9586356862;S
20240212;102410;2855.000000000;20;9586356963;S
20240212;102419;2855.000000000;3;9586359695;S
20240212;102421;2855.500000000;3;9586360222;S
20240212;102422;2855.500000000;2;9586360358;S
20240212;102422;2855.000000000;8;9586360359;S
20240212;102425;2856.000000000;1;9586363168;B
20240212;102432;2855.000000000;114;9586370383;S
20240212;102432;2855.000000000;1;9586370384;S
20240212;102432;2854.500000000;15;9586370385;S
20240212;102432;2854.500000000;4;9586370386;S
20240212;102432;2854.000000000;2;9586370387;S
20240212;102432;2854.000000000;74;9586370388;S
20240212;102444;2855.500000000;15;9586381801;B
20240212;102444;2855.500000000;31;9586381802;B
20240212;102445;2855.500000000;3;9586382560;B
20240212;102446;2855.500000000;4;9586383703;S
20240212;102449;2856.000000000;1;9586386351;B
20240212;102450;2855.500000000;10;9586387022;S
20240212;102450;2856.000000000;2;9586387078;B
20240212;102450;2855.500000000;1;9586387159;S
20240212;102454;2855.500000000;22;9586390904;S
20240212;102454;2855.000000000;15;9586390905;S
20240212;102504;2855.000000000;1;9586399481;B
20240212;102505;2853.500000000;1;9586401594;S
20240212;102505;2853.500000000;1;9586401595;S
20240212;102517;2854.000000000;2;9586412123;B
20240212;102518;2853.000000000;12;9586412384;S
20240212;102525;2854.000000000;1;9586419268;B
20240212;102525;2854.000000000;1;9586419655;B
20240212;102525;2854.500000000;4;9586419656;B
20240212;102533;2853.000000000;2;9586426914;S
20240212;102533;2853.000000000;1;9586426915;S
20240212;102536;2853.000000000;8;9586428846;S
20240212;102538;2854.000000000;2;9586431013;B
20240212;102538;2854.000000000;2;9586431681;B
20240212;102546;2853.000000000;1;9586438368;S
20240212;102546;2853.000000000;1;9586438369;S
20240212;102550;2854.000000000;2;9586441078;B
20240212;102550;2854.000000000;1;9586441801;B
20240212;102550;2854.000000000;1;9586441802;B
20240212;102551;2854.000000000;1;9586442411;B
20240212;102553;2853.500000000;1;9586444077;S
20240212;102553;2853.000000000;59;9586444078;S
20240212;102553;2853.000000000;4;9586444079;S
20240212;102553;2853.000000000;2;9586444080;S
20240212;102553;2853.000000000;88;9586444081;S
20240212;102553;2853.000000000;15;9586444082;S
20240212;102553;2853.000000000;1;9586444664;B
20240212;102556;2853.000000000;1;9586446452;B
20240212;102556;2852.500000000;1;9586446456;S
20240212;102558;2853.000000000;3;9586448659;B
20240212;102558;2852.500000000;1;9586448660;S
20240212;102558;2852.500000000;1;9586448661;S
20240212;102558;2852.500000000;1;9586448662;S
20240212;102600;2852.000000000;1;9586450036;S
20240212;102601;2852.000000000;41;9586452396;S
20240212;102601;2852.000000000;1;9586452397;S
20240212;102603;2852.000000000;5;9586454259;S
20240212;102605;2852.500000000;3;9586455725;B
20240212;102610;2852.500000000;1;9586461881;B
20240212;102610;2852.500000000;3;9586461882;B
20240212;102611;2852.000000000;2;9586462719;S
20240212;102613;2852.500000000;1;9586464227;B
20240212;102613;2852.500000000;1;9586464410;B
20240212;102614;2852.500000000;30;9586465372;B
20240212;102614;2852.500000000;15;9586465373;B
20240212;102617;2852.000000000;9;9586467867;S
20240212;102618;2853.000000000;20;9586468976;B
20240212;102619;2853.000000000;2;9586470801;B
20240212;102622;2852.500000000;1;9586473910;S
20240212;102622;2852.500000000;3;9586473911;S
20240212;102622;2852.000000000;30;9586473912;S
20240212;102626;2853.000000000;4;9586477050;B
20240212;102626;2853.000000000;60;9586477051;B
20240212;102626;2853.000000000;15;9586477052;B
20240212;102626;2854.000000000;1;9586477053;B
20240212;102626;2855.000000000;12;9586477054;B
20240212;102626;2855.000000000;2;9586477055;B
20240212;102627;2852.500000000;2;9586478299;S
20240212;102633;2852.500000000;1;9586486354;S
20240212;102634;2853.000000000;1;9586486905;B
20240212;102639;2855.000000000;1;9586490756;B
20240212;102639;2855.000000000;5;9586490757;B
20240212;102639;2855.000000000;10;9586490758;B
20240212;102647;2853.500000000;36;9586499290;S
20240212;102647;2853.500000000;10;9586499291;S
20240212;102647;2853.500000000;1;9586499711;S
20240212;102651;2855.000000000;1;9586502706;B
20240212;102657;2854.500000000;1;9586508032;B
20240212;102659;2854.500000000;36;9586510049;B
20240212;102659;2854.500000000;15;9586510050;B
20240212;102705;2852.500000000;2;9586514625;S
20240212;102705;2852.500000000;104;9586514626;S
20240212;102705;2852.500000000;2;9586514627;S
20240212;102710;2854.000000000;1;9586519503;B
20240212;102710;2854.000000000;15;9586519504;B
20240212;102710;2854.000000000;5;9586519505;B
20240212;102712;2852.500000000;2;9586521434;S
20240212;102712;2852.500000000;4;9586521435;S
20240212;102725;2853.000000000;50;9586532263;B
20240212;102731;2853.000000000;7;9586537813;B
20240212;102732;2853.000000000;3;9586538295;B
20240212;102733;2853.000000000;1;9586539309;B
20240212;102733;2853.000000000;10;9586539654;B
20240212;102735;2852.500000000;1;9586540646;S
20240212;102735;2853.000000000;1;9586540771;B
20240212;102735;2852.500000000;24;9586540857;S
20240212;102735;2852.500000000;1;9586541011;B
20240212;102735;2852.500000000;15;9586541012;B
20240212;102735;2853.000000000;19;9586541013;B
20240212;102743;2853.000000000;2;9586547199;B
20240212;102756;2852.000000000;5;9586558781;S
20240212;102756;2852.000000000;1;9586558826;S
20240212;102756;2853.000000000;7;9586559223;B
20240212;102756;2853.000000000;1;9586559224;B
20240212;102756;2853.000000000;30;9586559225;B
20240212;102802;2853.000000000;2;9586564473;B
20240212;102805;2853.000000000;1;9586566293;B
20240212;102811;2853.000000000;3;9586571517;B
20240212;102812;2853.000000000;5;9586572503;B
20240212;102812;2853.000000000;52;9586572513;B
20240212;102813;2853.000000000;3;9586573207;B
20240212;102815;2853.000000000;15;9586574941;B
20240212;102816;2853.000000000;10;9586575703;B
20240212;102816;2853.000000000;1;9586575759;B
20240212;102818;2853.000000000;28;9586577458;B
20240212;102818;2853.000000000;22;9586577459;B
20240212;102819;2852.500000000;25;9586578440;S
20240212;102819;2852.500000000;36;9586578441;S
20240212;102819;2852.000000000;50;9586578442;S
20240212;102819;2852.000000000;20;9586578443;S
20240212;102819;2852.000000000;70;9586578444;S
20240212;102819;2852.000000000;30;9586578445;S
20240212;102819;2852.000000000;2;9586578446;S
20240212;102819;2852.000000000;25;9586578447;S
20240212;102819;2852.000000000;50;9586578448;S
20240212;102819;2852.000000000;30;9586578449;S
20240212;102819;2852.000000000;16;9586578450;S
20240212;102819;2851.500000000;2;9586578454;S
20240212;102820;2851.500000000;30;9586578874;S
20240212;102820;2851.500000000;36;9586578875;S
20240212;102820;2851.000000000;14;9586578876;S
20240212;102820;2851.000000000;1;9586578877;S
20240212;102820;2851.000000000;30;9586578879;S
20240212;102821;2851.000000000;17;9586579372;S
20240212;102822;2851.500000000;3;9586580116;B
20240212;102824;2851.500000000;2;9586581753;B
20240212;102825;2851.000000000;1;9586582351;S
20240212;102826;2851.000000000;22;9586583047;S
20240212;102826;2851.000000000;10;9586583048;S
20240212;102826;2851.000000000;1;9586583049;S
20240212;102826;2851.000000000;6;9586583050;S
20240212;102826;2851.000000000;4;9586583051;S
20240212;102826;2851.000000000;30;9586583052;S
20240212;102826;2850.500000000;1;9586583053;S
20240212;102826;2850.500000000;2;9586583054;S
20240212;102826;2850.500000000;1;9586583055;S
20240212;102826;2850.500000000;1;9586583056;S
20240212;102826;2850.500000000;3;9586583057;S
20240212;102826;2850.500000000;1;9586583058;S
20240212;102826;2850.500000000;20;9586583059;S
20240212;102827;2851.000000000;5;9586583923;B
20240212;102827;2851.000000000;5;9586583924;B
20240212;102828;2851.000000000;1;9586584716;S
20240212;102829;2851.000000000;4;9586585364;B
20240212;102829;2851.500000000;2;9586585365;B
20240212;102837;2851.500000000;2;9586590822;B
20240212;102837;2851.500000000;72;9586590823;B
20240212;102840;2850.500000000;36;9586593290;S
20240212;102840;2850.000000000;10;9586593291;S
20240212;102840;2850.000000000;15;9586593292;S
20240212;102840;2850.000000000;30;9586593293;S
20240212;102840;2850.000000000;1;9586593294;S
20240212;102840;2850.000000000;5;9586593295;S
20240212;102840;2850.000000000;3;9586593296;S
20240212;102840;2850.000000000;1;9586593297;S
20240212;102840;2850.000000000;234;9586593298;S
20240212;102840;2850.000000000;30;9586593299;S
20240212;102840;2850.000000000;20;9586593300;S
20240212;102840;2850.000000000;1;9586593301;S
20240212;102840;2850.000000000;500;9586593302;S
20240212;102840;2850.000000000;2;9586593303;S
20240212;102840;2850.000000000;2;9586593304;S
20240212;102840;2850.000000000;10;9586593305;S
20240212;102840;2850.000000000;20;9586593306;S
20240212;102840;2850.000000000;1;9586593307;S
20240212;102840;2850.000000000;5;9586593308;S
20240212;102840;2850.000000000;1;9586593309;S
20240212;102840;2850.000000000;2;9586593310;S
20240212;102840;2850.000000000;1;9586593311;S
20240212;102840;2850.000000000;1;9586593312;S
20240212;102840;2850.000000000;1;9586593313;S
20240212;102840;2850.000000000;10;9586593314;S
20240212;102840;2850.000000000;5;9586593315;S
20240212;102840;2850.000000000;1;9586593316;S
20240212;102840;2850.000000000;4;9586593317;S
20240212;102840;2850.000000000;1;9586593318;S
20240212;102840;2850.000000000;17;9586593319;S
20240212;102840;2850.000000000;5;9586593320;S
20240212;102840;2850.000000000;1;9586593321;S
20240212;102840;2850.000000000;1;9586593322;S
20240212;102840;2850.000000000;23;9586593323;S
20240212;102841;2850.000000000;2;9586593908;S
20240212;102841;2850.000000000;1;9586594019;S
20240212;102841;2850.000000000;8;9586594030;S
20240212;102841;2849.500000000;1;9586594031;S
20240212;102841;2850.000000000;9;9586594126;S
20240212;102842;2850.000000000;11;9586594314;S
20240212;102842;2849.500000000;1;9586594315;S
20240212;102842;2849.500000000;3;9586594316;S
20240212;102842;2849.000000000;1;9586594317;S
20240212;102842;2849.000000000;21;9586594318;S
20240212;102842;2849.000000000;1;9586594576;S
20240212;102842;2849.000000000;1;9586594583;S
20240212;102842;2849.000000000;1;9586594584;S
20240212;102843;2849.000000000;5;9586595037;S
20240212;102843;2849.000000000;23;9586595051;S
20240212;102843;2848.500000000;5;9586595052;S
20240212;102843;2848.500000000;1;9586595053;S
20240212;102843;2848.500000000;4;9586595054;S
20240212;102844;2848.500000000;6;9586596189;S
20240212;102845;2848.500000000;2;9586596919;S
20240212;102846;2848.000000000;5;9586597455;S
20240212;102849;2848.000000000;1;9586599739;S
20240212;102851;2848.000000000;21;9586601511;S
20240212;102852;2848.500000000;1;9586602072;B
20240212;102854;2848.000000000;1;9586603138;S
20240212;102854;2848.000000000;2;9586603421;S
20240212;102854;2848.000000000;5;9586603718;S
20240212;102854;2848.000000000;1;9586603719;S
20240212;102856;2848.500000000;4;9586604849;B
20240212;102856;2849.500000000;2;9586605009;B
20240212;102857;2849.000000000;87;9586605586;S
20240212;102857;2848.500000000;16;9586605587;S
20240212;102857;2848.500000000;13;9586605588;S
20240212;102857;2848.000000000;6;9586605589;S
20240212;102857;2848.500000000;50;9586605597;S
20240212;102902;2848.500000000;37;9586608886;S
20240212;102902;2848.500000000;16;9586608887;S
20240212;102902;2848.000000000;8;9586608888;S
20240212;102902;2848.000000000;6;9586608889;S
20240212;102903;2847.500000000;1;9586609544;S
20240212;102903;2847.500000000;3;9586609545;S
20240212;102903;2847.500000000;1;9586609546;S
20240212;102903;2847.500000000;37;9586609906;S
20240212;102906;2848.000000000;5;9586612195;B
20240212;102913;2847.500000000;1;9586616431;S
20240212;102913;2847.500000000;4;9586616763;S
20240212;102913;2847.500000000;1;9586616897;S
20240212;102914;2847.500000000;1;9586617151;S
20240212;102915;2848.000000000;3;9586618394;B
20240212;102916;2847.500000000;5;9586618813;S
20240212;102918;2848.000000000;4;9586620303;B
20240212;102918;2847.500000000;1;9586620474;S
20240212;102922;2847.500000000;3;9586622609;S
20240212;102922;2847.500000000;3;9586623103;S
20240212;102922;2847.500000000;2;9586623180;S
20240212;102930;2847.500000000;1;9586628234;S
20240212;102934;2848.000000000;1;9586631943;B
20240212;102935;2848.000000000;1;9586632263;B
20240212;102935;2848.000000000;7;9586632985;B
20240212;102936;2847.500000000;3;9586633842;S
20240212;102936;2847.500000000;1;9586633843;S
20240212;102936;2847.500000000;11;9586633844;S
20240212;102939;2848.000000000;1;9586635267;B
20240212;102943;2848.000000000;1;9586638434;B
20240212;102944;2848.000000000;3;9586639814;B
20240212;102945;2848.000000000;4;9586640507;B
20240212;102946;2848.000000000;1;9586641474;B
20240212;102947;2848.000000000;2;9586642147;B
20240212;102947;2848.000000000;18;9586642148;B
20240212;102947;2848.000000000;2;9586642151;B
20240212;102948;2849.000000000;5;9586643035;S
20240212;102949;2849.000000000;3;9586643607;S
20240212;102949;2849.500000000;3;9586643838;B
20240212;102949;2850.000000000;1;9586643839;B
20240212;103000;2850.000000000;4;9586652273;B
20240212;103000;2850.500000000;2;9586652274;B
20240212;103000;2852.000000000;5;9586652313;B
20240212;103000;2850.000000000;36;9586653017;S
20240212;103000;2850.000000000;10;9586653018;S
20240212;103000;2850.500000000;18;9586653019;S
20240212;103000;2850.500000000;18;9586653020;S
20240212;103000;2850.000000000;8;9586653021;S
20240212;103014;2850.000000000;1;9586664177;S
20240212;103030;2852.000000000;3;9586677055;B
20240212;103036;2852.000000000;2;9586682142;B
20240212;103036;2852.000000000;40;9586682584;B
20240212;103038;2850.500000000;36;9586683488;S
20240212;103038;2850.000000000;30;9586683489;S
20240212;103038;2850.000000000;1;9586683490;S
20240212;103038;2850.000000000;78;9586683491;S
20240212;103041;2850.000000000;5;9586685790;S
20240212;103048;2850.000000000;3;9586691851;S
20240212;103048;2849.500000000;27;9586691852;S
20240212;103049;2850.000000000;1;9586692813;B
20240212;103050;2850.000000000;1;9586692994;S
20240212;103053;2850.000000000;1;9586695956;S
20240212;103056;2850.000000000;3;9586698408;S
20240212;103101;2850.500000000;1;9586702444;B
20240212;103101;2850.000000000;1;9586702467;S
20240212;103104;2850.500000000;4;9586705317;B
20240212;103104;2851.000000000;1;9586705318;B
20240212;103126;2850.500000000;1;9586723402;S
20240212;103135;2851.000000000;1;9586730551;B
20240212;103137;2850.500000000;1;9586732157;S
20240212;103137;2851.000000000;9;9586732625;B
20240212;103140;2851.000000000;1;9586734777;B
20240212;103141;2850.500000000;3;9586735366;S
20240212;103144;2850.500000000;1;9586737774;S
20240212;103144;2850.500000000;1;9586738206;S
20240212;103152;2851.000000000;16;9586744003;B
20240212;103152;2851.000000000;5;9586744004;B
20240212;103152;2851.500000000;25;9586744005;B
20240212;103152;2851.500000000;4;9586744006;B
20240212;103153;2851.500000000;3;9586744266;B
20240212;103154;2851.500000000;1;9586745078;B
20240212;103201;2851.500000000;1;9586750199;B
20240212;103205;2850.500000000;36;9586752644;S
20240212;103213;2850.500000000;1;9586758431;S
20240212;103218;2850.000000000;4;9586761904;S
20240212;103222;2852.000000000;5;9586764632;B
20240212;103243;2852.000000000;1;9586779013;B
20240212;103250;2850.500000000;15;9586783621;S
20240212;103251;2852.000000000;77;9586784816;B
20240212;103253;2851.000000000;3;9586786448;S
20240212;103302;2851.500000000;20;9586793183;B
20240212;103305;2851.500000000;2;9586795618;S
20240212;103305;2851.500000000;6;9586796080;S
20240212;103306;2852.000000000;18;9586796462;B
20240212;103314;2852.000000000;100;9586803400;B
20240212;103315;2851.500000000;6;9586804101;S
20240212;103325;2852.000000000;1;9586812330;B
20240212;103332;2851.500000000;1;9586818251;S
20240212;103333;2852.000000000;5;9586819265;B
20240212;103336;2852.000000000;4;9586821567;B
20240212;103337;2852.000000000;1;9586822379;B
20240212;103337;2852.000000000;10;9586822387;B
20240212;103339;2852.000000000;2;9586823816;B
20240212;103341;2852.000000000;1;9586825391;B
20240212;103343;2852.000000000;7;9586826555;B
20240212;103343;2852.000000000;1;9586826743;B
20240212;103343;2852.000000000;37;9586827144;B
20240212;103343;2852.000000000;180;9586827145;B
20240212;103343;2852.000000000;178;9586827146;B
20240212;103343;2852.000000000;1;9586827147;B
20240212;103343;2852.000000000;2;9586827148;B
20240212;103343;2852.000000000;2;9586827149;B
20240212;103343;2852.000000000;1;9586827150;B
20240212;103343;2852.000000000;99;9586827151;B
20240212;103345;2852.000000000;1;9586828525;B
20240212;103346;2852.000000000;1;9586829454;B
20240212;103350;2851.500000000;5;9586832554;S
20240212;103350;2851.500000000;4;9586832555;S
20240212;103350;2852.000000000;3;9586832846;B
20240212;103351;2852.000000000;16;9586833725;B
20240212;103351;2852.000000000;5;9586833726;B
20240212;103401;2852.000000000;7;9586842430;S
20240212;103420;2852.000000000;2;9586858048;S
20240212;103420;2852.000000000;1;9586858049;S
20240212;103420;2852.000000000;3;9586858050;S
20240212;103426;2853.000000000;40;9586862933;B
20240212;103432;2852.000000000;1;9586867892;S
20240212;103437;2852.000000000;1;9586871653;S
20240212;103437;2852.000000000;10;9586871940;S
20240212;103439;2852.000000000;57;9586873635;S
20240212;103439;2852.500000000;5;9586874473;B
20240212;103443;2852.000000000;2;9586876888;S
20240212;103445;2852.500000000;1;9586878955;B
20240212;103446;2852.500000000;1;9586879732;B
20240212;103447;2853.000000000;8;9586880372;B
20240212;103454;2853.000000000;7;9586886490;B
20240212;103454;2853.000000000;20;9586886491;B
20240212;103454;2853.000000000;27;9586886492;B
20240212;103454;2853.000000000;18;9586886493;B
20240212;103454;2853.000000000;5;9586886494;B
20240212;103454;2853.500000000;87;9586886495;B
20240212;103454;2853.500000000;11;9586886496;B
20240212;103458;2853.500000000;8;9586889720;S
20240212;103458;2854.000000000;1;9586890481;B
20240212;103502;2853.500000000;28;9586893630;S
20240212;103502;2853.000000000;22;9586893631;S
20240212;103522;2853.000000000;35;9586907731;S
20240212;103522;2852.500000000;10;9586907732;S
20240212;103522;2852.000000000;35;9586907733;S
20240212;103522;2852.000000000;33;9586907734;S
20240212;103522;2851.500000000;9;9586907735;S
20240212;103526;2853.500000000;40;9586910207;B
20240212;103545;2854.500000000;4;9586922867;B
20240212;103545;2854.500000000;3;9586922868;B
20240212;103545;2854.500000000;28;9586922869;B
20240212;103545;2855.000000000;3;9586922870;B
20240212;103545;2855.000000000;5;9586922871;B
20240212;103545;2855.000000000;25;9586922872;B
20240212;103545;2855.000000000;17;9586922873;B
20240212;103545;2855.500000000;3;9586922874;B
20240212;103545;2855.500000000;4;9586922875;B
20240212;103545;2855.500000000;38;9586922876;B
20240212;103545;2855.500000000;87;9586922877;B
20240212;103545;2856.000000000;3;9586922878;B
20240212;103545;2856.000000000;22;9586922879;B
20240212;103545;2856.000000000;1;9586922880;B
20240212;103545;2856.500000000;3;9586922881;B
20240212;103545;2856.500000000;8;9586922882;B
20240212;103545;2857.000000000;3;9586922883;B
20240212;103545;2857.000000000;1;9586922884;B
20240212;103545;2857.000000000;1;9586922885;B
20240212;103545;2857.000000000;50;9586922886;B
20240212;103545;2857.000000000;69;9586922887;B
20240212;103545;2857.500000000;3;9586922888;B
20240212;103545;2857.500000000;9;9586922889;B
20240212;103545;2857.500000000;28;9586922890;B
20240212;103545;2857.500000000;30;9586922891;B
20240212;103545;2858.000000000;3;9586922892;B
20240212;103545;2858.000000000;4;9586922893;B
20240212;103545;2858.000000000;1;9586922894;B
20240212;103545;2858.000000000;8;9586922895;B
20240212;103545;2858.000000000;1;9586922896;B
20240212;103545;2858.000000000;106;9586922897;B
20240212;103545;2858.000000000;3;9586922898;B
20240212;103545;2858.500000000;3;9586922899;B
20240212;103545;2858.500000000;50;9586922900;B
20240212;103545;2859.000000000;9;9586922901;B
20240212;103545;2859.000000000;3;9586922902;B
20240212;103545;2859.000000000;3;9586922903;B
20240212;103545;2859.000000000;354;9586922904;B
20240212;103545;2859.000000000;1;9586922905;B
20240212;103545;2859.500000000;3;9586922906;B
20240212;103545;2859.500000000;5;9586922907;B
20240212;103545;2859.500000000;28;9586922908;B
20240212;103545;2859.500000000;50;9586922909;B
20240212;103545;2860.000000000;61;9586922910;B
20240212;103545;2860.000000000;5;9586922911;B
20240212;103545;2860.000000000;2;9586922912;B
20240212;103545;2860.000000000;42;9586922913;B
20240212;103545;2860.000000000;3;9586922914;B
20240212;103545;2860.000000000;1;9586922915;B
20240212;103545;2860.000000000;5;9586922916;B
20240212;103545;2860.000000000;22;9586922917;B
20240212;103545;2860.000000000;2;9586922918;B
20240212;103545;2860.000000000;4;9586922919;B
20240212;103545;2860.000000000;12;9586922920;B
20240212;103545;2860.000000000;300;9586922921;B
20240212;103545;2860.000000000;278;9586922922;B
20240212;103545;2860.500000000;5;9586922923;B
20240212;103545;2860.500000000;9;9586922924;B
20240212;103545;2860.500000000;19;9586922925;B
20240212;103545;2860.500000000;28;9586922926;S
20240212;103545;2860.500000000;87;9586922927;S
20240212;103545;2860.500000000;25;9586922928;S
20240212;103545;2861.000000000;22;9586922929;B
20240212;103545;2861.000000000;5;9586922930;B
20240212;103545;2861.000000000;5;9586922931;B
20240212;103545;2861.000000000;2;9586922932;B
20240212;103545;2861.000000000;6;9586922933;B
20240212;103545;2860.500000000;7;9586922940;S
20240212;103545;2859.500000000;3;9586923255;S
20240212;103546;2860.000000000;3;9586923761;B
20240212;103548;2859.500000000;1;9586925032;S
20240212;103553;2859.500000000;2;9586928851;S
20240212;103557;2859.500000000;1;9586931774;S
20240212;103558;2860.000000000;3;9586932061;B
20240212;103613;2860.500000000;2;9586942683;B
20240212;103616;2860.000000000;45;9586945044;S
20240212;103622;2859.500000000;28;9586950626;S
20240212;103622;2859.500000000;1;9586950627;S
20240212;103622;2859.500000000;41;9586950628;S
20240212;103622;2859.000000000;36;9586950629;S
20240212;103622;2859.000000000;8;9586950630;S
20240212;103622;2859.000000000;9;9586950631;S
20240212;103638;2860.000000000;5;9586963029;B
20240212;103638;2860.000000000;8;9586963030;B
20240212;103640;2860.500000000;5;9586964457;B
20240212;103646;2860.500000000;1;9586970413;B
20240212;103648;2860.000000000;2;9586971452;S
20240212;103648;2860.500000000;1;9586971935;B
20240212;103656;2860.500000000;3;9586978986;S
20240212;103657;2860.500000000;1;9586978994;S
20240212;103659;2860.500000000;1;9586980983;S
20240212;103702;2860.500000000;4;9586983106;S
20240212;103702;2861.000000000;4;9586983337;B
20240212;103702;2860.500000000;1;9586983561;S
20240212;103703;2861.000000000;1;9586984665;B
20240212;103704;2860.500000000;1;9586985341;S
20240212;103706;2861.000000000;1;9586986465;B
20240212;103711;2861.000000000;1;9586990241;B
20240212;103711;2861.000000000;6;9586990904;B
20240212;103711;2861.000000000;1;9586990905;B
20240212;103711;2861.000000000;1;9586990906;B
20240212;103711;2861.000000000;8;9586990907;B
20240212;103711;2861.000000000;5;9586990908;B
20240212;103711;2861.500000000;2;9586990909;B
20240212;103711;2861.500000000;36;9586990910;B
20240212;103711;2861.500000000;17;9586990911;B
20240212;103711;2862.000000000;95;9586990912;B
20240212;103711;2862.000000000;1;9586990913;B
20240212;103711;2862.000000000;10;9586990914;B
20240212;103711;2862.000000000;2;9586990915;B
20240212;103711;2862.000000000;87;9586990916;B
20240212;103711;2862.500000000;3;9586990917;B
20240212;103711;2862.500000000;6;9586990918;B
20240212;103711;2862.500000000;13;9586990919;B
20240212;103711;2863.000000000;1;9586990920;B
20240212;103711;2863.000000000;40;9586990921;B
20240212;103711;2863.000000000;28;9586990922;B
20240212;103711;2863.000000000;8;9586990923;B
20240212;103711;2863.500000000;10;9586990924;B
20240212;103711;2863.500000000;5;9586990925;B
20240212;103711;2864.000000000;1;9586990926;B
20240212;103711;2864.000000000;2;9586990927;B
20240212;103711;2864.000000000;2;9586990928;B
20240212;103711;2864.000000000;3;9586990929;B
20240212;103711;2864.000000000;1;9586990930;B
20240212;103711;2864.500000000;5;9586990931;B
20240212;103711;2864.500000000;30;9586990932;B
20240212;103711;2864.500000000;20;9586990933;B
20240212;103711;2864.500000000;79;9586990934;B
20240212;103711;2865.000000000;50;9586990935;B
20240212;103711;2865.000000000;111;9586990936;B
20240212;103711;2865.000000000;10;9586990937;B
20240212;103711;2865.000000000;41;9586990938;B
20240212;103711;2865.000000000;43;9586990939;B
20240212;103711;2865.000000000;2;9586990940;B
20240212;103711;2865.000000000;10;9586990941;B
20240212;103711;2865.000000000;1;9586990942;B
20240212;103711;2865.000000000;20;9586990943;B
20240212;103711;2865.000000000;1;9586990944;B
20240212;103711;2865.000000000;1000;9586990945;B
20240212;103711;2865.000000000;5;9586990946;B
20240212;103711;2865.000000000;30;9586990947;B
20240212;103711;2865.000000000;1;9586990951;S
20240212;103711;2865.000000000;51;9586990967;S
20240212;103712;2865.000000000;5;9586991643;S
20240212;103712;2865.500000000;1;9586991989;B
20240212;103712;2865.500000000;9;9586991990;B
20240212;103712;2865.500000000;1;9586991991;B
20240212;103712;2865.500000000;3;9586991992;B
20240212;103712;2865.500000000;27;9586992244;B
20240212;103712;2865.500000000;36;9586992245;B
20240212;103712;2865.500000000;137;9586992250;S
20240212;103712;2865.000000000;34;9586992251;S
20240212;103715;2865.500000000;5;9586994313;B
20240212;103715;2865.500000000;6;9586994431;B
20240212;103715;2866.000000000;51;9586994432;B
20240212;103715;2866.000000000;10;9586994433;B
20240212;103715;2866.000000000;50;9586994434;B
20240212;103715;2866.000000000;200;9586994435;B
20240212;103715;2866.000000000;1;9586994436;B
20240212;103715;2866.000000000;87;9586994437;B
20240212;103715;2866.500000000;2;9586994438;B
20240212;103715;2866.500000000;6;9586994439;B
20240212;103715;2866.500000000;9;9586994442;S
20240212;103715;2866.500000000;1;9586994598;S
20240212;103715;2866.500000000;9;9586994601;S
20240212;103716;2866.500000000;13;9586994621;B
20240212;103716;2866.500000000;23;9586994969;B
20240212;103716;2867.000000000;6;9586994970;B
20240212;103716;2867.000000000;5;9586994971;B
20240212;103716;2867.000000000;1;9586994972;B
20240212;103716;2867.000000000;65;9586994973;B
20240212;103716;2867.000000000;17;9586995134;B
20240212;103716;2867.000000000;2;9586995141;B
20240212;103716;2867.000000000;16;9586995323;B
20240212;103716;2867.000000000;4;9586995324;B
20240212;103716;2867.000000000;2;9586995325;B
20240212;103716;2867.000000000;13;9586995326;B
20240212;103716;2867.000000000;28;9586995611;B
20240212;103716;2867.000000000;1;9586995612;B
20240212;103716;2867.000000000;6;9586995613;B
20240212;103716;2867.000000000;4;9586995617;B
20240212;103716;2867.000000000;3;9586995618;B
20240212;103716;2867.000000000;2;9586995619;B
20240212;103716;2867.000000000;3;9586995620;B
20240212;103716;2867.500000000;1;9586995621;B
20240212;103716;2867.500000000;1;9586995622;B
20240212;103716;2867.500000000;2;9586995623;B
20240212;103716;2867.500000000;1;9586995624;B
20240212;103716;2867.500000000;1;9586995644;B
20240212;103716;2867.500000000;3;9586995645;B
20240212;103716;2867.500000000;1;9586995646;B
20240212;103716;2867.500000000;1;9586995647;B
20240212;103716;2867.500000000;94;9586995648;B
20240212;103717;2867.000000000;100;9586996549;B
20240212;103717;2867.000000000;17;9586996550;B
20240212;103717;2867.500000000;81;9586996551;B
20240212;103717;2867.500000000;2;9586996552;B
20240212;103717;2867.500000000;1;9586996553;B
20240212;103717;2867.500000000;8;9586996554;B
20240212;103717;2868.000000000;1;9586996555;B
20240212;103717;2868.000000000;1;9586996556;B
20240212;103717;2868.000000000;1;9586996557;B
20240212;103717;2868.000000000;1;9586996558;B
20240212;103717;2868.000000000;1;9586996559;B
20240212;103717;2868.000000000;15;9586996560;B
20240212;103717;2868.000000000;2;9586996561;B
20240212;103717;2868.000000000;20;9586996562;B
20240212;103717;2868.000000000;1;9586996563;B
20240212;103717;2868.000000000;87;9586996564;B
20240212;103717;2868.000000000;12;9586996565;B
20240212;103718;2868.000000000;5;9586996845;S
20240212;103718;2868.000000000;2;9586996865;S
20240212;103718;2868.000000000;23;9586996893;S
20240212;103718;2868.500000000;1;9586996898;B
20240212;103718;2868.500000000;26;9586996899;B
20240212;103718;2869.000000000;5;9586996900;B
20240212;103718;2869.000000000;2;9586996901;B
20240212;103718;2869.000000000;1;9586996902;B
20240212;103718;2869.000000000;17;9586996903;B
20240212;103718;2869.000000000;5;9586996913;S
20240212;103718;2869.000000000;2;9586996929;S
20240212;103718;2869.000000000;18;9586996933;S
20240212;103718;2869.500000000;5;9586996934;B
20240212;103718;2869.500000000;2;9586996935;B
20240212;103718;2869.500000000;1;9586996936;B
20240212;103718;2869.500000000;2;9586996937;B
20240212;103718;2869.500000000;1;9586996938;B
20240212;103718;2869.000000000;5;9586997073;S
20240212;103718;2869.000000000;2;9586997218;S
20240212;103719;2869.500000000;7;9586997289;B
20240212;103719;2869.500000000;36;9586997290;B
20240212;103719;2869.500000000;21;9586997291;B
20240212;103719;2870.000000000;2;9586997292;B
20240212;103719;2870.000000000;1;9586997293;B
20240212;103719;2870.000000000;1;9586997294;B
20240212;103719;2870.000000000;3;9586997295;B
20240212;103719;2870.000000000;4;9586997296;B
20240212;103719;2870.000000000;2;9586997297;B
20240212;103719;2870.000000000;25;9586997298;B
20240212;103719;2870.000000000;15;9586997299;B
20240212;103719;2870.000000000;5;9586997300;B
20240212;103719;2870.000000000;20;9586997301;B
20240212;103719;2870.000000000;5;9586997302;B
20240212;103719;2870.000000000;50;9586997303;B
20240212;103719;2870.000000000;4;9586997304;B
20240212;103719;2870.000000000;3;9586997305;B
20240212;103719;2870.000000000;54;9586997306;B
20240212;103719;2870.000000000;1;9586997307;B
20240212;103719;2870.000000000;1;9586997308;B
20240212;103719;2870.000000000;10;9586997309;B
20240212;103719;2870.000000000;1;9586997310;B
20240212;103719;2870.000000000;25;9586997311;B
20240212;103719;2870.000000000;1;9586997312;B
20240212;103719;2870.000000000;9;9586997313;B
20240212;103719;2870.000000000;5;9586997314;B
20240212;103719;2870.000000000;12;9586997315;B
20240212;103719;2870.000000000;1;9586997316;B
20240212;103719;2870.000000000;1;9586997317;B
20240212;103719;2870.000000000;27;9586997318;B
20240212;103719;2870.000000000;87;9586997319;B
20240212;103719;2870.000000000;17;9586997320;B
20240212;103719;2870.500000000;1;9586997321;B
20240212;103719;2871.500000000;23;9586997322;B
20240212;103719;2871.500000000;20;9586997323;B
20240212;103719;2870.000000000;5;9586997404;S
20240212;103719;2870.000000000;5;9586997405;S
20240212;103719;2870.000000000;1;9586997436;S
20240212;103719;2870.000000000;10;9586997461;S
20240212;103719;2870.000000000;2;9586997548;S
20240212;103719;2869.500000000;4;9586997742;S
20240212;103719;2869.500000000;6;9586997743;S
20240212;103719;2870.500000000;36;9586997744;B
20240212;103719;2870.500000000;12;9586997745;B
20240212;103719;2871.000000000;52;9586997746;B
20240212;103719;2869.500000000;1;9586997760;S
20240212;103719;2870.000000000;15;9586997770;S
20240212;103719;2870.000000000;36;9586997771;S
20240212;103719;2869.500000000;23;9586997772;S
20240212;103719;2869.500000000;14;9586997773;S
20240212;103719;2869.000000000;2;9586997774;S
20240212;103719;2869.000000000;2;9586997783;B
20240212;103719;2869.000000000;4;9586997942;B
20240212;103719;2868.500000000;5;9586997964;S
20240212;103719;2869.000000000;150;9586998039;B
20240212;103719;2869.000000000;2;9586998040;B
20240212;103719;2869.000000000;50;9586998052;B
20240212;103719;2869.000000000;24;9586998056;B
20240212;103721;2869.000000000;1;9586999936;B
20240212;103722;2868.500000000;5;9587000523;S
20240212;103727;2868.500000000;10;9587003956;B
20240212;103729;2867.500000000;19;9587006234;S
20240212;103734;2865.500000000;10;9587010403;S
20240212;103735;2867.000000000;36;9587011269;B
