<DATE>;<TIME>;<LAST>;<VOL>;<ID>;<OPER>
20240116;095934;3035.000000000;1;9393880411;S
20240116;095934;3035.000000000;1;9393880412;S
20240116;095934;3035.000000000;1;9393880413;S
20240116;095934;3035.000000000;2;9393880414;B
20240116;095934;3035.000000000;1;9393880415;B
20240116;095934;3035.000000000;23;9393880416;B
20240116;095934;3035.000000000;10;9393880417;S
20240116;095934;3035.000000000;1;9393880418;S
20240116;095934;3035.000000000;1;9393880419;S
20240116;095934;3035.000000000;2;9393880420;S
20240116;095934;3035.000000000;5;9393880421;S
20240116;095934;3035.000000000;1;9393880422;S
20240116;095934;3035.000000000;44;9393880423;S
20240116;095934;3035.000000000;8;9393880424;S
20240116;095934;3035.000000000;1;9393880425;S
20240116;095934;3035.000000000;1;9393880426;S
20240116;095934;3035.000000000;25;9393880427;S
20240116;095934;3035.000000000;1;9393880428;S
20240116;095934;3035.000000000;1;9393880429;S
20240116;095934;3035.000000000;1;9393880430;S
20240116;095934;3035.000000000;100;9393880431;S
20240116;095934;3035.000000000;60;9393880432;S
20240116;095934;3035.000000000;2;9393880433;S
20240116;095934;3035.000000000;4;9393880434;S
20240116;095934;3035.000000000;50;9393880435;S
20240116;095934;3035.000000000;14;9393880436;B
20240116;095934;3035.000000000;1;9393880437;B
20240116;095934;3035.000000000;1;9393880438;B
20240116;095934;3035.000000000;1;9393880439;B
20240116;095934;3035.000000000;4;9393880440;B
20240116;095934;3035.000000000;15;9393880441;B
20240116;095934;3035.000000000;1;9393880442;B
20240116;095934;3035.000000000;100;9393880443;B
20240116;095934;3035.000000000;4;9393880444;S
20240116;095934;3035.000000000;3;9393880445;S
20240116;095934;3035.000000000;21;9393880446;S
20240116;095934;3035.000000000;1;9393880447;S
20240116;095934;3035.000000000;3;9393880448;S
20240116;095934;3035.000000000;1;9393880449;B
20240116;095934;3035.000000000;1;9393880450;B
20240116;095934;3035.000000000;19;9393880451;S
20240116;095934;3035.000000000;1;9393880452;S
20240116;095934;3035.000000000;1;9393880453;S
20240116;095934;3035.000000000;79;9393880454;S
20240116;095934;3035.000000000;65;9393880455;S
20240116;095934;3035.000000000;82;9393880456;S
20240116;095934;3035.000000000;1;9393880457;S
20240116;095934;3035.000000000;8;9393880458;S
20240116;095934;3035.000000000;8;9393880459;S
20240116;095934;3035.000000000;1;9393880460;S
20240116;095934;3035.000000000;3;9393880461;S
20240116;095934;3035.000000000;7;9393880462;B
20240116;095934;3035.000000000;2;9393880463;B
20240116;095934;3035.000000000;2;9393880464;B
20240116;095934;3035.000000000;5;9393880465;S
20240116;095934;3035.000000000;4;9393880466;B
20240116;095934;3035.000000000;1;9393880467;B
20240116;095934;3035.000000000;15;9393880468;B
20240116;095934;3035.000000000;30;9393880469;B
20240116;095934;3035.000000000;70;9393880470;B
20240116;095934;3035.000000000;36;9393880471;S
20240116;095934;3035.000000000;1;9393880472;S
20240116;095934;3035.000000000;2;9393880473;S
20240116;095934;3035.000000000;4;9393880474;S
20240116;095934;3035.000000000;1;9393880475;S
20240116;095934;3035.000000000;1;9393880476;S
20240116;095934;3035.000000000;1;9393880477;S
20240116;095934;3035.000000000;1;9393880478;S
20240116;095934;3035.000000000;1;9393880479;S
20240116;095934;3035.000000000;2;9393880480;S
20240116;095934;3035.000000000;16;9393880481;S
20240116;095934;3035.000000000;1;9393880482;S
20240116;095934;3035.000000000;2;9393880483;S
20240116;095934;3035.000000000;1;9393880484;B
20240116;095934;3035.000000000;2;9393880485;B
20240116;095934;3035.000000000;50;9393880486;B
20240116;095934;3035.000000000;18;9393880487;B
20240116;095934;3035.000000000;4;9393880488;B
20240116;095934;3035.000000000;10;9393880489;B
20240116;095934;3035.000000000;1;9393880490;S
20240116;095934;3035.000000000;1;9393880491;S
20240116;095934;3035.000000000;16;9393880492;B
20240116;095934;3035.000000000;1;9393880493;B
20240116;095934;3035.000000000;21;9393880494;B
20240116;095934;3035.000000000;62;9393880495;B
20240116;095934;3035.000000000;38;9393880496;B
20240116;095934;3035.000000000;2;9393880497;B
20240116;095934;3035.000000000;3;9393880498;B
20240116;095934;3035.000000000;4;9393880499;B
20240116;095934;3035.000000000;3;9393880500;B
20240116;100000;3034.000000000;10;9393889312;S
20240116;100000;3034.000000000;30;9393889313;S
20240116;100000;3034.000000000;30;9393889460;S
20240116;100000;3034.000000000;3;9393889461;S
20240116;100000;3034.000000000;3;9393889462;S
20240116;100000;3034.000000000;6;9393889463;S
20240116;100000;3034.000000000;8;9393889473;B
20240116;100000;3034.500000000;82;9393889474;B
20240116;100000;3034.500000000;30;9393889475;B
20240116;100000;3034.500000000;4;9393889476;B
20240116;100000;3034.500000000;26;9393889477;B
20240116;100000;3035.000000000;7;9393889478;B
20240116;100000;3035.000000000;10;9393889479;B
20240116;100000;3035.000000000;29;9393889480;B
20240116;100000;3034.000000000;10;9393889519;B
20240116;100000;3034.000000000;10;9393889520;B
20240116;100000;3034.000000000;30;9393889521;B
20240116;100000;3034.000000000;10;9393889522;B
20240116;100000;3034.500000000;5;9393889523;B
20240116;100000;3030.500000000;2;9393889590;S
20240116;100000;3030.500000000;3;9393889591;S
20240116;100000;3030.000000000;1;9393889592;S
20240116;100000;3030.000000000;4;9393889593;S
20240116;100000;3030.500000000;25;9393889818;B
20240116;100000;3030.500000000;25;9393889819;B
20240116;100000;3030.000000000;1;9393889885;S
20240116;100000;3030.000000000;9;9393889886;S
20240116;100000;3030.000000000;41;9393889888;S
20240116;100000;3030.000000000;1;9393889889;S
20240116;100000;3029.000000000;25;9393890065;S
20240116;100001;3029.000000000;5;9393890160;S
20240116;100001;3029.000000000;6;9393890161;S
20240116;100001;3028.500000000;1;9393890162;S
20240116;100001;3028.500000000;1;9393890163;S
20240116;100001;3028.500000000;2;9393890164;S
20240116;100001;3027.500000000;32;9393890165;S
20240116;100001;3027.500000000;10;9393890166;S
20240116;100001;3027.000000000;26;9393890167;S
20240116;100001;3026.000000000;7;9393890168;S
20240116;100001;3026.000000000;9;9393890169;S
20240116;100001;3025.500000000;33;9393890170;S
20240116;100001;3025.000000000;2;9393890171;S
20240116;100001;3025.000000000;1;9393890172;S
20240116;100001;3025.000000000;1;9393890173;S
20240116;100001;3025.000000000;2;9393890174;S
20240116;100001;3025.000000000;2;9393890175;S
20240116;100001;3025.000000000;82;9393890176;S
20240116;100001;3024.500000000;26;9393890177;S
20240116;100001;3023.500000000;48;9393890178;S
20240116;100001;3024.500000000;12;9393890202;S
20240116;100001;3024.000000000;26;9393890210;S
20240116;100001;3023.500000000;33;9393890211;S
20240116;100001;3023.500000000;2;9393890212;S
20240116;100001;3023.500000000;19;9393890213;B
20240116;100001;3023.000000000;30;9393890214;B
20240116;100001;3022.500000000;20;9393890241;S
20240116;100001;3022.500000000;8;9393890242;S
20240116;100001;3022.500000000;10;9393890251;B
20240116;100001;3022.500000000;10;9393890256;B
20240116;100001;3022.500000000;10;9393890286;B
20240116;100001;3022.500000000;10;9393890287;B
20240116;100001;3022.500000000;10;9393890290;B
20240116;100001;3022.500000000;10;9393890291;B
20240116;100001;3022.500000000;10;9393890293;B
20240116;100001;3022.500000000;10;9393890294;B
20240116;100001;3022.500000000;10;9393890297;B
20240116;100001;3022.500000000;10;9393890303;B
20240116;100001;3022.500000000;10;9393890306;B
20240116;100001;3022.500000000;10;9393890307;B
20240116;100001;3022.500000000;10;9393890308;B
20240116;100001;3022.500000000;10;9393890309;B
20240116;100001;3022.500000000;10;9393890310;B
20240116;100001;3022.500000000;10;9393890311;B
20240116;100001;3022.500000000;10;9393890312;B
20240116;100001;3022.500000000;10;9393890313;B
20240116;100001;3022.500000000;10;9393890314;B
20240116;100001;3022.500000000;10;9393890315;B
20240116;100001;3022.500000000;10;9393890320;B
20240116;100001;3027.000000000;8;9393890343;B
20240116;100001;3028.000000000;72;9393890528;B
20240116;100001;3028.000000000;26;9393890529;B
20240116;100001;3028.500000000;72;9393890530;B
20240116;100001;3025.000000000;3;9393890765;S
20240116;100001;3025.000000000;10;9393890784;S
20240116;100001;3025.000000000;13;9393890851;S
20240116;100001;3024.500000000;2;9393890852;S
20240116;100001;3024.000000000;100;9393890853;S
20240116;100001;3023.500000000;56;9393890854;S
20240116;100003;3028.500000000;2;9393892045;B
20240116;100003;3028.500000000;4;9393892079;S
20240116;100004;3027.000000000;4;9393892154;S
20240116;100004;3026.500000000;1;9393892155;S
20240116;100004;3026.000000000;1;9393892156;S
20240116;100004;3025.500000000;27;9393892157;S
20240116;100004;3027.500000000;1;9393892581;B
20240116;100004;3027.500000000;2;9393892582;B
20240116;100004;3028.000000000;6;9393892583;B
20240116;100004;3028.000000000;10;9393892584;B
20240116;100004;3028.500000000;2;9393892585;B
20240116;100005;3028.500000000;12;9393893453;S
20240116;100005;3028.500000000;10;9393893682;S
20240116;100005;3029.000000000;1;9393894499;S
20240116;100005;3029.500000000;1;9393894716;B
20240116;100005;3029.000000000;1;9393894717;S
20240116;100005;3029.000000000;89;9393894943;S
20240116;100005;3028.500000000;11;9393894944;S
20240116;100007;3028.500000000;1;9393896048;S
20240116;100007;3029.000000000;1;9393896189;B
20240116;100008;3024.500000000;1;9393897077;S
20240116;100008;3028.000000000;8;9393897484;B
20240116;100008;3028.500000000;22;9393897485;B
20240116;100012;3028.000000000;1;9393900558;B
20240116;100012;3026.500000000;50;9393900653;S
20240116;100012;3026.500000000;34;9393900823;S
20240116;100012;3024.500000000;16;9393900824;S
20240116;100013;3025.500000000;15;9393901613;S
20240116;100014;3028.000000000;3;9393901794;B
20240116;100015;3024.500000000;22;9393902371;S
20240116;100015;3024.000000000;1;9393902372;S
20240116;100015;3024.000000000;26;9393902373;S
20240116;100015;3024.000000000;51;9393902374;S
20240116;100015;3026.500000000;1;9393902480;B
20240116;100017;3023.500000000;15;9393902908;S
20240116;100020;3023.000000000;28;9393903547;S
20240116;100020;3023.000000000;41;9393903554;S
20240116;100020;3022.500000000;25;9393903555;S
20240116;100021;3025.500000000;15;9393903764;B
20240116;100021;3022.500000000;8;9393903798;S
20240116;100023;3023.000000000;4;9393904360;S
20240116;100023;3023.000000000;26;9393904361;S
20240116;100023;3022.000000000;1;9393904362;S
20240116;100023;3022.000000000;2;9393904363;S
20240116;100023;3022.000000000;66;9393904364;S
20240116;100023;3022.000000000;26;9393904393;S
20240116;100023;3021.500000000;8;9393904394;S
20240116;100023;3021.500000000;6;9393904395;S
20240116;100023;3022.000000000;26;9393904406;S
20240116;100023;3021.500000000;74;9393904407;S
20240116;100024;3021.500000000;1;9393904540;S
20240116;100024;3021.500000000;10;9393904604;S
20240116;100025;3022.500000000;25;9393904693;S
20240116;100029;3023.000000000;1;9393906833;B
20240116;100029;3023.000000000;3;9393906856;B
20240116;100030;3022.500000000;75;9393907040;S
20240116;100031;3023.000000000;4;9393907221;B
20240116;100033;3020.500000000;9;9393907635;S
20240116;100033;3020.500000000;1;9393907689;S
20240116;100036;3020.500000000;6;9393908199;S
20240116;100036;3020.500000000;15;9393908297;S
20240116;100040;3020.500000000;10;9393909006;S
20240116;100040;3020.500000000;1;9393909081;S
20240116;100041;3023.000000000;2;9393909250;B
20240116;100041;3020.500000000;5;9393909313;S
20240116;100042;3020.500000000;34;9393909509;S
20240116;100042;3020.500000000;1;9393909510;S
20240116;100042;3020.000000000;21;9393909511;S
20240116;100042;3020.000000000;17;9393909512;S
20240116;100042;3020.000000000;21;9393909513;S
20240116;100042;3020.000000000;6;9393909514;S
20240116;100042;3020.500000000;24;9393909622;S
20240116;100042;3020.500000000;20;9393909623;S
20240116;100042;3020.000000000;14;9393909624;S
20240116;100042;3020.000000000;2;9393909625;S
20240116;100042;3020.500000000;3;9393909652;S
20240116;100042;3020.500000000;10;9393909694;S
20240116;100043;3020.000000000;13;9393909802;S
20240116;100043;3020.000000000;20;9393909803;S
20240116;100043;3022.000000000;12;9393909839;B
20240116;100044;3020.000000000;1;9393909980;S
20240116;100045;3022.000000000;1;9393910196;B
20240116;100046;3021.000000000;20;9393910600;S
20240116;100046;3020.000000000;29;9393910601;S
20240116;100046;3020.000000000;1;9393910602;S
20240116;100048;3020.000000000;2;9393911032;S
20240116;100051;3022.500000000;1;9393911543;B
20240116;100052;3020.000000000;1;9393911801;S
20240116;100052;3020.000000000;1;9393911802;S
20240116;100052;3020.000000000;1;9393911803;S
20240116;100052;3020.000000000;13;9393911804;S
20240116;100053;3020.500000000;11;9393912061;S
20240116;100053;3020.000000000;87;9393912062;S
20240116;100053;3019.000000000;2;9393912063;S
20240116;100053;3019.000000000;11;9393912064;S
20240116;100053;3019.000000000;100;9393912065;S
20240116;100053;3019.000000000;1;9393912066;S
20240116;100053;3019.000000000;82;9393912067;S
20240116;100053;3018.500000000;1;9393912068;S
20240116;100053;3018.500000000;5;9393912069;S
20240116;100054;3018.500000000;2;9393912388;S
20240116;100054;3018.500000000;3;9393912395;S
20240116;100054;3018.500000000;1;9393912396;S
20240116;100055;3021.000000000;54;9393912597;B
20240116;100055;3021.500000000;26;9393912598;B
20240116;100055;3022.000000000;1;9393912599;B
20240116;100055;3023.000000000;40;9393912600;B
20240116;100055;3023.500000000;1;9393912601;B
20240116;100055;3023.500000000;8;9393912602;B
20240116;100055;3023.500000000;28;9393912603;B
20240116;100057;3022.000000000;1;9393912852;B
20240116;100058;3020.500000000;1;9393913147;S
20240116;100058;3022.000000000;1;9393913165;B
20240116;100058;3022.000000000;1;9393913166;B
20240116;100058;3020.500000000;7;9393913330;S
20240116;100100;3020.500000000;1;9393913831;B
20240116;100100;3020.500000000;3;9393913884;B
20240116;100101;3020.000000000;1;9393918591;S
20240116;100101;3019.000000000;1;9393918592;S
20240116;100101;3018.500000000;8;9393918593;S
20240116;100101;3018.500000000;1;9393918594;S
20240116;100101;3018.500000000;20;9393918595;S
20240116;100101;3020.000000000;10;9393924044;B
20240116;100103;3019.000000000;1;9393924329;S
20240116;100103;3018.500000000;4;9393924330;S
20240116;100104;3020.000000000;3;9393924494;B
20240116;100107;3019.000000000;1;9393924928;S
20240116;100107;3019.000000000;4;9393924929;S
20240116;100108;3019.500000000;1;9393925107;B
20240116;100108;3019.000000000;1;9393925157;S
20240116;100112;3019.500000000;1;9393925819;B
20240116;100112;3019.000000000;45;9393925862;S
20240116;100112;3019.000000000;1;9393925863;S
20240116;100112;3019.000000000;1;9393925864;S
20240116;100112;3018.500000000;43;9393925865;S
20240116;100113;3019.500000000;3;9393925982;B
20240116;100113;3020.000000000;22;9393925983;B
20240116;100113;3020.000000000;1;9393925984;B
20240116;100113;3020.000000000;2;9393925985;B
20240116;100114;3020.000000000;30;9393926092;S
20240116;100115;3020.000000000;14;9393926166;S
20240116;100116;3020.000000000;15;9393926303;S
20240116;100121;3020.000000000;10;9393927178;S
20240116;100122;3020.500000000;1;9393927342;B
20240116;100123;3020.500000000;1;9393927369;B
20240116;100123;3020.000000000;1;9393927407;S
20240116;100123;3020.000000000;3;9393927408;S
20240116;100123;3020.500000000;1;9393927416;B
20240116;100123;3020.000000000;2;9393927466;S
20240116;100124;3020.500000000;1;9393927511;B
20240116;100125;3020.500000000;1;9393927670;B
20240116;100126;3020.000000000;20;9393927941;S
20240116;100126;3020.500000000;1;9393927985;B
20240116;100127;3020.000000000;21;9393928008;S
20240116;100127;3020.500000000;17;9393928011;B
20240116;100127;3020.500000000;2;9393928012;B
20240116;100127;3020.500000000;48;9393928013;B
20240116;100127;3021.000000000;33;9393928014;B
20240116;100128;3021.000000000;2;9393928113;B
20240116;100128;3021.000000000;1;9393928114;B
20240116;100128;3021.000000000;25;9393928115;B
20240116;100128;3021.000000000;26;9393928116;B
20240116;100128;3021.000000000;2;9393928216;S
20240116;100135;3022.000000000;1;9393929348;B
20240116;100135;3022.500000000;1;9393929349;B
20240116;100135;3022.500000000;2;9393929350;B
20240116;100135;3023.000000000;6;9393929351;B
20240116;100137;3024.000000000;26;9393929583;B
20240116;100137;3024.500000000;2;9393929584;B
20240116;100137;3025.000000000;1;9393929585;B
20240116;100137;3025.000000000;5;9393929586;B
20240116;100137;3024.500000000;1;9393929587;B
20240116;100137;3024.500000000;1;9393929588;B
20240116;100140;3024.000000000;1;9393930084;B
20240116;100146;3022.000000000;1;9393930986;S
20240116;100148;3022.000000000;5;9393931353;S
20240116;100149;3022.000000000;5;9393931440;B
20240116;100151;3022.000000000;3;9393931678;B
20240116;100151;3022.000000000;10;9393931722;B
20240116;100152;3022.000000000;1;9393931851;B
20240116;100153;3021.500000000;15;9393931943;S
20240116;100153;3021.500000000;1;9393932022;S
20240116;100153;3021.500000000;1;9393932023;S
20240116;100153;3021.500000000;1;9393932028;S
20240116;100153;3021.000000000;77;9393932029;S
20240116;100154;3021.000000000;5;9393932076;S
20240116;100156;3021.000000000;35;9393932311;S
20240116;100156;3021.000000000;33;9393932338;S
20240116;100156;3021.500000000;5;9393932399;B
20240116;100156;3021.500000000;10;9393932400;B
20240116;100158;3021.500000000;1;9393932647;B
20240116;100159;3021.000000000;44;9393932878;S
20240116;100159;3021.000000000;1;9393932879;S
20240116;100159;3021.000000000;30;9393932880;S
20240116;100159;3021.000000000;10;9393932881;S
20240116;100159;3020.500000000;1;9393932882;S
20240116;100159;3020.500000000;2;9393932883;S
20240116;100159;3020.000000000;1;9393932884;S
20240116;100159;3020.000000000;2;9393932885;S
20240116;100159;3020.000000000;1;9393932886;S
20240116;100159;3019.500000000;1;9393932887;S
20240116;100159;3019.500000000;7;9393932888;S
20240116;100201;3021.000000000;12;9393933057;S
20240116;100201;3021.500000000;15;9393933065;B
20240116;100201;3021.500000000;15;9393933066;B
20240116;100204;3021.500000000;2;9393933419;B
20240116;100204;3021.500000000;5;9393933446;B
20240116;100205;3020.000000000;2;9393933661;S
20240116;100207;3021.500000000;21;9393933862;B
20240116;100207;3021.500000000;13;9393933863;B
20240116;100208;3021.500000000;20;9393934169;B
20240116;100208;3021.500000000;2;9393934170;B
20240116;100209;3022.000000000;80;9393934174;B
20240116;100211;3021.000000000;1;9393934425;S
20240116;100211;3021.000000000;1;9393934426;S
20240116;100211;3020.500000000;2;9393934427;S
20240116;100211;3020.000000000;3;9393934428;S
20240116;100211;3020.000000000;1;9393934429;S
20240116;100211;3020.000000000;4;9393934430;S
20240116;100214;3020.500000000;1;9393934807;S
20240116;100214;3020.500000000;2;9393934808;S
20240116;100214;3020.000000000;2;9393934809;S
20240116;100216;3020.500000000;1;9393935156;S
20240116;100216;3020.000000000;9;9393935157;S
20240116;100216;3022.000000000;1;9393935229;B
20240116;100218;3022.000000000;2;9393935594;B
20240116;100222;3021.500000000;5;9393936298;B
20240116;100222;3021.500000000;2;9393936299;B
20240116;100222;3022.000000000;3;9393936300;B
20240116;100223;3020.500000000;1;9393936343;S
20240116;100226;3021.000000000;2;9393936773;S
20240116;100226;3022.000000000;190;9393936777;B
20240116;100226;3022.000000000;2;9393936778;B
20240116;100226;3022.000000000;37;9393936779;B
20240116;100226;3022.000000000;13;9393936780;B
20240116;100226;3022.000000000;2;9393936781;B
20240116;100226;3021.500000000;20;9393936827;S
20240116;100228;3022.500000000;1;9393936970;B
20240116;100229;3021.500000000;1;9393937200;S
20240116;100231;3023.000000000;1;9393937438;B
20240116;100231;3024.000000000;26;9393937439;B
20240116;100231;3024.000000000;2;9393937440;B
20240116;100231;3024.500000000;1;9393937441;B
20240116;100231;3024.500000000;72;9393937442;B
20240116;100231;3024.500000000;1;9393937443;B
20240116;100239;3022.500000000;1;9393938727;S
20240116;100240;3022.500000000;4;9393938826;S
20240116;100240;3022.500000000;2;9393938827;S
20240116;100240;3022.000000000;15;9393938828;S
20240116;100240;3022.000000000;2;9393938829;S
20240116;100240;3022.000000000;10;9393938830;S
20240116;100241;3022.000000000;1;9393939043;S
20240116;100241;3022.000000000;2;9393939044;S
20240116;100244;3024.000000000;1;9393939552;B
20240116;100249;3022.500000000;1;9393940327;B
20240116;100249;3022.500000000;26;9393940328;B
20240116;100249;3023.000000000;2;9393940329;B
20240116;100249;3024.000000000;9;9393940330;B
20240116;100249;3024.000000000;5;9393940331;B
20240116;100249;3024.000000000;26;9393940332;B
20240116;100249;3024.500000000;4;9393940333;B
20240116;100249;3024.500000000;2;9393940334;B
20240116;100249;3024.500000000;7;9393940335;B
20240116;100250;3024.500000000;1;9393940433;S
20240116;100252;3024.500000000;40;9393940859;S
20240116;100253;3024.500000000;1;9393940903;S
20240116;100255;3024.500000000;2;9393941274;S
20240116;100256;3024.500000000;2;9393941320;S
20240116;100258;3024.500000000;1;9393941694;S
20240116;100258;3024.500000000;1;9393941701;S
20240116;100258;3025.000000000;3;9393941757;B
20240116;100259;3024.500000000;1;9393941968;S
20240116;100259;3025.000000000;2;9393941972;B
20240116;100259;3025.000000000;2;9393941973;B
20240116;100259;3025.000000000;160;9393941974;B
20240116;100259;3025.000000000;1;9393941975;B
20240116;100259;3025.000000000;4;9393941976;B
20240116;100259;3025.000000000;26;9393941977;B
20240116;100302;3025.000000000;1;9393942522;S
20240116;100302;3025.000000000;1;9393942527;S
20240116;100302;3025.000000000;1;9393942528;S
20240116;100304;3025.000000000;1;9393942894;S
20240116;100304;3025.000000000;5;9393942921;S
20240116;100309;3025.000000000;1;9393943814;S
20240116;100311;3025.000000000;8;9393944090;S
20240116;100311;3025.000000000;1;9393944091;S
20240116;100313;3025.000000000;1;9393944459;S
20240116;100313;3025.000000000;1;9393944492;S
20240116;100313;3025.000000000;8;9393944493;S
20240116;100316;3025.000000000;4;9393944879;S
20240116;100316;3025.000000000;1;9393944880;S
20240116;100316;3024.500000000;441;9393944881;S
20240116;100316;3024.500000000;2;9393944882;S
20240116;100319;3022.500000000;1;9393945485;S
20240116;100319;3022.500000000;2;9393945486;S
20240116;100319;3022.500000000;5;9393945487;S
20240116;100324;3022.000000000;1;9393946269;S
20240116;100324;3022.000000000;4;9393946270;S
20240116;100327;3023.500000000;5;9393946767;B
20240116;100327;3024.000000000;2;9393946768;B
20240116;100327;3024.500000000;16;9393946769;B
20240116;100327;3025.000000000;2;9393946770;B
20240116;100332;3023.000000000;2;9393947411;S
20240116;100333;3023.000000000;3;9393947622;S
20240116;100334;3023.000000000;21;9393947644;S
20240116;100334;3022.500000000;5;9393947645;S
20240116;100334;3022.500000000;2;9393947646;S
20240116;100334;3022.000000000;8;9393947647;S
20240116;100334;3022.000000000;1;9393947648;S
20240116;100334;3021.500000000;3;9393947649;S
20240116;100339;3022.000000000;1;9393948466;S
20240116;100339;3024.000000000;1;9393948568;B
20240116;100339;3024.000000000;2;9393948569;B
20240116;100339;3024.500000000;5;9393948570;B
20240116;100339;3024.500000000;2;9393948571;B
20240116;100341;3021.500000000;7;9393948684;S
20240116;100341;3021.500000000;1;9393948685;S
20240116;100341;3021.500000000;50;9393948686;S
20240116;100341;3021.500000000;26;9393948687;S
20240116;100341;3021.000000000;1;9393948688;S
20240116;100341;3021.000000000;100;9393948689;S
20240116;100341;3021.000000000;33;9393948690;S
20240116;100341;3021.000000000;2;9393948691;S
20240116;100341;3020.500000000;150;9393948692;S
20240116;100341;3020.500000000;130;9393948693;B
20240116;100351;3021.000000000;1;9393950067;S
20240116;100351;3020.500000000;1;9393950068;S
20240116;100351;3022.500000000;2;9393950191;B
20240116;100351;3023.000000000;7;9393950192;B
20240116;100358;3022.500000000;1;9393950998;B
20240116;100359;3022.000000000;1;9393951284;B
20240116;100400;3021.000000000;4;9393951428;S
20240116;100405;3022.500000000;1;9393952487;S
20240116;100405;3022.000000000;29;9393952488;S
20240116;100414;3022.500000000;1;9393954672;B
20240116;100415;3022.500000000;3;9393954822;B
20240116;100415;3022.000000000;1;9393954846;S
20240116;100415;3022.500000000;29;9393954868;B
20240116;100415;3022.500000000;1;9393954869;B
20240116;100416;3022.000000000;7;9393955208;S
20240116;100418;3022.000000000;34;9393955510;S
20240116;100420;3022.000000000;31;9393955908;S
20240116;100420;3022.500000000;1;9393955963;B
20240116;100421;3022.000000000;3;9393956248;S
20240116;100422;3022.500000000;2;9393956283;B
20240116;100422;3022.000000000;2;9393956290;S
20240116;100422;3022.500000000;5;9393956361;B
20240116;100423;3022.500000000;48;9393956606;B
20240116;100423;3022.500000000;2;9393956607;B
20240116;100423;3022.500000000;50;9393956608;B
20240116;100424;3022.500000000;50;9393956722;B
20240116;100424;3022.000000000;120;9393956844;S
20240116;100425;3022.000000000;33;9393956904;S
20240116;100425;3021.000000000;2;9393956905;S
20240116;100425;3020.500000000;9;9393956906;S
20240116;100425;3020.500000000;10;9393956907;S
20240116;100425;3020.500000000;5;9393956908;S
20240116;100425;3020.500000000;10;9393956909;S
20240116;100425;3020.500000000;5;9393956910;S
20240116;100425;3020.500000000;26;9393956911;S
20240116;100425;3020.000000000;1;9393956912;S
20240116;100425;3020.000000000;60;9393956913;S
20240116;100425;3020.000000000;66;9393956914;S
20240116;100425;3020.000000000;5;9393956915;S
20240116;100425;3020.000000000;115;9393956916;S
20240116;100425;3020.000000000;3;9393956917;S
20240116;100425;3020.000000000;200;9393956918;S
20240116;100425;3020.000000000;3;9393956919;S
20240116;100425;3020.000000000;1;9393956920;S
20240116;100425;3020.000000000;102;9393956921;S
20240116;100428;3022.000000000;3;9393957405;B
20240116;100428;3022.000000000;1;9393957496;S
20240116;100430;3022.000000000;1;9393957864;S
20240116;100434;3021.000000000;89;9393958591;S
20240116;100436;3021.000000000;10;9393958882;S
20240116;100436;3021.500000000;6;9393958918;B
20240116;100436;3021.500000000;3;9393958919;B
20240116;100436;3022.000000000;10;9393958920;B
20240116;100436;3022.000000000;10;9393958921;B
20240116;100436;3022.500000000;1;9393958922;B
20240116;100438;3021.000000000;119;9393959196;S
20240116;100443;3021.000000000;7;9393960029;S
20240116;100443;3021.000000000;22;9393960030;S
20240116;100443;3021.000000000;45;9393960031;S
20240116;100443;3020.500000000;15;9393960032;S
20240116;100445;3020.500000000;10;9393960262;S
20240116;100445;3020.500000000;10;9393960263;S
20240116;100445;3020.500000000;14;9393960264;S
20240116;100445;3020.000000000;55;9393960265;S
20240116;100447;3020.000000000;662;9393960847;S
20240116;100448;3020.000000000;35;9393960928;S
20240116;100448;3020.000000000;8;9393960966;S
20240116;100448;3020.000000000;500;9393960974;S
20240116;100448;3020.000000000;120;9393960975;S
20240116;100448;3020.000000000;18;9393960976;S
20240116;100448;3020.000000000;1;9393960977;S
20240116;100448;3020.000000000;1;9393960978;S
20240116;100448;3020.000000000;60;9393960979;S
20240116;100448;3019.500000000;1;9393961018;S
20240116;100448;3019.000000000;3;9393961019;S
20240116;100448;3019.000000000;1;9393961020;S
20240116;100448;3019.000000000;50;9393961021;S
20240116;100448;3019.000000000;2;9393961022;S
20240116;100448;3019.000000000;32;9393961023;S
20240116;100449;3019.000000000;10;9393961090;S
20240116;100449;3019.000000000;1;9393961105;S
20240116;100450;3019.000000000;110;9393961230;S
20240116;100450;3019.000000000;1;9393961249;S
20240116;100450;3019.000000000;5;9393961250;S
20240116;100451;3019.000000000;79;9393961315;S
20240116;100451;3019.000000000;2;9393961339;B
20240116;100453;3018.500000000;1;9393961657;S
20240116;100453;3018.500000000;12;9393961658;S
20240116;100454;3018.500000000;8;9393961883;S
20240116;100455;3018.500000000;20;9393962227;S
20240116;100455;3018.500000000;2;9393962228;S
20240116;100455;3018.000000000;2;9393962229;S
20240116;100455;3018.000000000;12;9393962230;S
20240116;100455;3018.000000000;1;9393962231;S
20240116;100455;3018.000000000;2;9393962232;S
20240116;100455;3018.000000000;22;9393962233;S
20240116;100455;3017.500000000;1;9393962509;S
20240116;100455;3017.500000000;1;9393962510;S
20240116;100455;3017.500000000;1;9393962511;S
20240116;100455;3017.000000000;1;9393962639;S
20240116;100455;3017.000000000;13;9393962640;S
20240116;100456;3017.000000000;2;9393963013;S
20240116;100456;3017.000000000;1;9393963024;B
20240116;100459;3017.500000000;10;9393963451;B
20240116;100459;3017.500000000;10;9393963452;B
20240116;100459;3017.500000000;120;9393963453;B
20240116;100502;3017.000000000;2;9393963938;B
20240116;100503;3016.500000000;1;9393964093;S
20240116;100503;3016.500000000;14;9393964094;S
20240116;100505;3016.500000000;5;9393964357;S
20240116;100505;3016.500000000;10;9393964423;S
20240116;100506;3016.500000000;21;9393964691;S
20240116;100506;3016.000000000;1;9393964692;S
20240116;100506;3016.000000000;166;9393964693;S
20240116;100513;3015.500000000;1;9393966236;S
20240116;100513;3015.500000000;32;9393966285;S
20240116;100513;3015.500000000;1;9393966286;S
20240116;100513;3015.000000000;1;9393966287;S
20240116;100513;3015.000000000;1;9393966288;S
20240116;100513;3015.000000000;15;9393966289;S
20240116;100513;3015.000000000;1;9393966290;S
20240116;100513;3015.000000000;3;9393966291;S
20240116;100513;3014.500000000;1;9393966292;S
20240116;100513;3014.500000000;1;9393966293;S
20240116;100513;3014.000000000;2;9393966294;S
20240116;100513;3014.000000000;1;9393966295;S
20240116;100513;3014.000000000;17;9393966296;S
20240116;100513;3014.000000000;6;9393966297;S
20240116;100513;3014.000000000;45;9393966337;B
20240116;100513;3013.500000000;5;9393966363;S
20240116;100514;3013.500000000;1;9393966456;S
20240116;100514;3013.500000000;8;9393966468;S
20240116;100514;3014.000000000;1;9393966474;B
20240116;100514;3013.500000000;33;9393966600;S
20240116;100514;3013.500000000;3;9393966607;S
20240116;100514;3013.500000000;10;9393966636;S
20240116;100517;3014.000000000;10;9393966981;B
20240116;100517;3013.500000000;1;9393967039;S
20240116;100518;3013.500000000;20;9393967187;S
20240116;100518;3013.500000000;1;9393967188;S
20240116;100518;3013.500000000;10;9393967189;S
20240116;100518;3013.000000000;397;9393967190;S
20240116;100521;3013.500000000;2;9393967662;B
20240116;100521;3013.500000000;2;9393967663;B
20240116;100521;3013.000000000;2;9393967730;S
20240116;100521;3013.000000000;4;9393967732;S
20240116;100523;3013.000000000;4;9393968072;S
20240116;100523;3013.000000000;7;9393968082;S
20240116;100524;3013.000000000;5;9393968361;S
20240116;100525;3013.500000000;10;9393968370;B
20240116;100526;3013.500000000;1;9393968489;B
20240116;100526;3013.000000000;243;9393968672;S
20240116;100526;3013.000000000;4;9393968673;S
20240116;100526;3013.000000000;5;9393968674;S
20240116;100526;3012.500000000;1;9393968675;S
20240116;100526;3012.500000000;5;9393968676;S
20240116;100526;3012.500000000;4;9393968677;S
20240116;100528;3012.500000000;1;9393968828;S
20240116;100528;3012.500000000;15;9393968920;S
20240116;100528;3012.500000000;15;9393968921;S
20240116;100532;3013.000000000;3;9393969638;B
20240116;100532;3013.000000000;2;9393969639;B
20240116;100534;3012.500000000;1;9393969932;S
20240116;100534;3013.000000000;1;9393969959;B
20240116;100534;3013.000000000;2;9393969960;B
20240116;100534;3012.500000000;1;9393970011;S
20240116;100535;3013.000000000;1;9393970107;B
20240116;100537;3013.000000000;20;9393970365;B
20240116;100537;3013.000000000;33;9393970414;B
20240116;100539;3012.500000000;6;9393970661;S
20240116;100539;3012.500000000;7;9393970783;S
20240116;100539;3012.500000000;6;9393970784;S
20240116;100540;3012.500000000;1;9393970817;S
20240116;100541;3012.500000000;3;9393971024;S
20240116;100541;3012.500000000;2;9393971025;S
20240116;100541;3012.500000000;2;9393971051;S
20240116;100542;3012.500000000;2;9393971082;S
20240116;100542;3012.500000000;2;9393971090;S
20240116;100543;3012.500000000;2;9393971220;S
20240116;100543;3012.000000000;5;9393971267;S
20240116;100544;3012.000000000;5;9393971401;S
20240116;100544;3012.000000000;5;9393971402;S
20240116;100544;3012.000000000;5;9393971493;S
20240116;100544;3012.000000000;4;9393971535;S
20240116;100544;3012.000000000;8;9393971536;S
20240116;100545;3012.000000000;2;9393971660;S
20240116;100545;3012.500000000;6;9393971691;B
20240116;100545;3012.500000000;4;9393971692;B
20240116;100546;3012.000000000;1;9393971878;S
20240116;100548;3012.500000000;5;9393972041;B
20240116;100548;3012.500000000;2;9393972042;B
20240116;100548;3012.500000000;35;9393972043;B
20240116;100549;3012.500000000;2;9393972263;B
20240116;100550;3012.500000000;50;9393972384;B
20240116;100550;3012.000000000;2;9393972557;S
20240116;100551;3012.000000000;1;9393972734;S
20240116;100552;3012.000000000;50;9393972853;S
20240116;100553;3012.500000000;6;9393972945;B
20240116;100555;3012.000000000;8;9393973161;S
20240116;100555;3012.000000000;1;9393973180;S
20240116;100555;3012.500000000;1;9393973189;B
20240116;100555;3012.000000000;4;9393973241;S
20240116;100556;3012.500000000;2;9393973287;B
20240116;100556;3012.000000000;1;9393973359;S
20240116;100557;3012.000000000;7;9393973378;S
20240116;100557;3012.000000000;18;9393973379;S
20240116;100559;3012.500000000;5;9393973639;B
20240116;100600;3012.000000000;3;9393973761;S
20240116;100600;3012.000000000;5;9393973762;S
20240116;100600;3012.500000000;5;9393973789;B
20240116;100600;3012.000000000;14;9393973833;S
20240116;100600;3012.000000000;1;9393973859;S
20240116;100600;3012.000000000;3;9393973860;S
20240116;100602;3012.000000000;7;9393974039;S
20240116;100602;3012.000000000;82;9393974040;S
20240116;100602;3012.000000000;1;9393974041;S
20240116;100602;3011.000000000;1;9393974042;S
20240116;100602;3011.000000000;3;9393974043;S
20240116;100602;3011.000000000;7;9393974044;S
20240116;100602;3011.000000000;100;9393974045;S
20240116;100602;3010.500000000;1;9393974046;S
20240116;100602;3010.500000000;138;9393974047;S
20240116;100603;3011.000000000;1;9393974176;S
20240116;100603;3011.000000000;2;9393974219;S
20240116;100603;3011.000000000;30;9393974220;S
20240116;100605;3011.500000000;10;9393974658;B
20240116;100608;3011.500000000;10;9393975279;B
20240116;100608;3011.500000000;1;9393975280;B
20240116;100609;3011.000000000;36;9393975427;S
20240116;100611;3011.000000000;11;9393975726;S
20240116;100611;3011.000000000;36;9393975728;S
20240116;100611;3011.000000000;30;9393975729;S
20240116;100611;3011.000000000;34;9393975790;B
20240116;100612;3011.000000000;191;9393975911;S
20240116;100613;3011.000000000;25;9393976007;S
20240116;100613;3011.000000000;25;9393976008;S
20240116;100615;3010.500000000;1;9393976233;S
20240116;100616;3010.500000000;4;9393976333;S
20240116;100618;3011.000000000;1;9393976504;B
20240116;100619;3010.500000000;15;9393976627;S
20240116;100619;3011.000000000;1;9393976650;B
20240116;100619;3010.500000000;28;9393976686;S
20240116;100619;3010.500000000;4;9393976693;S
20240116;100619;3011.000000000;3;9393976699;B
20240116;100620;3010.500000000;1;9393976758;S
20240116;100622;3011.000000000;21;9393977109;B
20240116;100624;3010.500000000;159;9393977313;S
20240116;100624;3010.500000000;3;9393977314;S
20240116;100624;3010.500000000;1;9393977315;S
20240116;100624;3010.500000000;10;9393977316;S
20240116;100624;3010.500000000;4;9393977317;S
20240116;100624;3010.500000000;3;9393977318;S
20240116;100625;3010.500000000;1;9393977415;B
20240116;100625;3010.500000000;4;9393977416;B
20240116;100625;3010.000000000;1;9393977514;S
20240116;100626;3010.000000000;3;9393977606;S
20240116;100626;3010.000000000;1;9393977607;S
20240116;100626;3010.000000000;1;9393977608;S
20240116;100626;3010.000000000;30;9393977609;S
20240116;100626;3010.000000000;14;9393977634;S
20240116;100626;3010.000000000;2;9393977635;S
20240116;100626;3010.000000000;43;9393977636;S
20240116;100626;3010.000000000;1;9393977637;S
20240116;100626;3010.000000000;2;9393977640;S
20240116;100626;3010.000000000;1;9393977650;S
20240116;100626;3010.000000000;2;9393977672;S
20240116;100626;3010.000000000;1;9393977674;S
20240116;100627;3010.000000000;3;9393977763;S
20240116;100627;3010.500000000;5;9393977821;B
20240116;100629;3010.000000000;4;9393978048;S
20240116;100630;3010.500000000;10;9393978139;B
20240116;100630;3010.000000000;36;9393978178;S
20240116;100630;3010.000000000;19;9393978179;S
20240116;100630;3010.000000000;1;9393978180;S
20240116;100630;3010.000000000;99;9393978234;S
20240116;100630;3010.000000000;1;9393978235;S
20240116;100632;3010.500000000;2;9393978474;B
20240116;100632;3010.500000000;2;9393978530;B
20240116;100633;3010.500000000;19;9393978680;B
20240116;100633;3010.500000000;59;9393978681;B
20240116;100633;3010.000000000;1;9393978700;S
20240116;100633;3010.000000000;49;9393978701;S
20240116;100634;3010.500000000;1;9393978810;B
20240116;100634;3010.500000000;1;9393978866;B
20240116;100635;3010.000000000;1;9393978954;S
20240116;100635;3010.000000000;4;9393978955;S
20240116;100636;3010.000000000;1;9393979034;S
20240116;100636;3010.000000000;4;9393979195;S
20240116;100638;3010.000000000;1;9393979564;S
20240116;100639;3010.500000000;2;9393979599;B
20240116;100639;3010.500000000;2;9393979661;B
20240116;100639;3010.000000000;1;9393979662;S
20240116;100639;3010.000000000;4;9393979745;S
20240116;100639;3010.000000000;1;9393979746;S
20240116;100639;3010.000000000;1;9393979747;S
20240116;100639;3009.500000000;3;9393979748;S
20240116;100639;3009.500000000;33;9393979749;S
20240116;100640;3009.500000000;1;9393979784;S
20240116;100640;3009.500000000;49;9393979898;S
20240116;100640;3009.000000000;1;9393979899;S
20240116;100640;3009.000000000;80;9393979900;S
20240116;100641;3009.000000000;50;9393979982;S
20240116;100641;3009.000000000;36;9393980009;S
20240116;100643;3009.000000000;34;9393980302;S
20240116;100643;3009.000000000;5;9393980303;S
20240116;100643;3009.000000000;5;9393980304;S
20240116;100643;3008.500000000;7;9393980305;S
20240116;100643;3008.500000000;30;9393980306;S
20240116;100643;3008.500000000;10;9393980307;S
20240116;100643;3008.500000000;62;9393980308;S
20240116;100643;3010.000000000;20;9393980311;B
20240116;100643;3010.000000000;3;9393980312;B
20240116;100643;3010.500000000;27;9393980313;B
20240116;100646;3009.500000000;1;9393980707;B
20240116;100649;3009.000000000;5;9393980995;S
20240116;100652;3009.500000000;8;9393981472;B
20240116;100652;3009.000000000;1;9393981485;S
20240116;100652;3009.500000000;1;9393981540;B
20240116;100652;3009.500000000;3;9393981541;B
20240116;100653;3009.000000000;14;9393981574;S
20240116;100653;3009.000000000;57;9393981575;S
20240116;100653;3008.500000000;3;9393981576;S
20240116;100653;3008.500000000;4;9393981577;S
20240116;100653;3008.000000000;22;9393981578;S
20240116;100653;3009.500000000;1;9393981631;B
20240116;100653;3008.000000000;16;9393981734;S
20240116;100659;3009.000000000;12;9393982688;B
20240116;100659;3009.000000000;3;9393982689;B
20240116;100659;3009.500000000;35;9393982690;B
20240116;100659;3009.500000000;21;9393982691;B
20240116;100659;3009.500000000;35;9393982692;B
20240116;100659;3009.500000000;15;9393982693;B
20240116;100659;3010.000000000;10;9393982694;B
20240116;100659;3010.500000000;41;9393982695;B
20240116;100659;3010.500000000;4;9393982696;B
20240116;100659;3011.000000000;40;9393982697;B
20240116;100659;3011.000000000;1;9393982698;B
20240116;100659;3011.000000000;100;9393982699;B
20240116;100659;3011.000000000;1;9393982700;B
20240116;100659;3011.500000000;26;9393982701;B
20240116;100659;3011.500000000;8;9393982702;B
20240116;100659;3011.500000000;1;9393982703;B
20240116;100659;3012.000000000;7;9393982704;B
20240116;100659;3012.000000000;20;9393982705;B
20240116;100659;3008.500000000;6;9393982726;S
20240116;100701;3012.500000000;66;9393983268;B
20240116;100701;3013.000000000;15;9393983299;B
20240116;100703;3013.000000000;1;9393983523;B
20240116;100704;3013.000000000;2;9393983672;B
20240116;100708;3011.000000000;5;9393984438;S
20240116;100708;3011.000000000;3;9393984439;S
20240116;100708;3011.000000000;7;9393984440;S
20240116;100711;3010.500000000;3;9393984759;S
20240116;100711;3010.000000000;1;9393984809;S
20240116;100711;3010.000000000;33;9393984810;S
20240116;100711;3010.000000000;2;9393984820;S
20240116;100713;3012.500000000;2;9393985063;B
20240116;100715;3010.000000000;4;9393985320;S
20240116;100716;3012.500000000;3;9393985405;B
20240116;100716;3012.500000000;4;9393985406;B
20240116;100716;3012.500000000;5;9393985407;B
20240116;100716;3013.000000000;2;9393985408;B
20240116;100716;3013.000000000;1;9393985409;B
20240116;100716;3013.000000000;26;9393985410;B
20240116;100716;3013.000000000;3;9393985411;B
20240116;100716;3013.500000000;100;9393985412;B
20240116;100716;3014.000000000;21;9393985413;B
20240116;100717;3014.500000000;1;9393985575;B
20240116;100724;3012.500000000;1;9393986776;S
20240116;100731;3012.500000000;5;9393987766;S
20240116;100731;3012.000000000;33;9393987767;S
20240116;100731;3012.000000000;10;9393987768;S
20240116;100734;3014.000000000;5;9393988146;B
20240116;100737;3014.000000000;1;9393988509;S
20240116;100737;3014.000000000;1;9393988516;S
20240116;100737;3014.000000000;25;9393988559;S
20240116;100738;3014.000000000;8;9393988606;S
20240116;100739;3014.000000000;1;9393988740;S
20240116;100741;3014.000000000;29;9393989027;S
20240116;100741;3014.000000000;2;9393989028;S
20240116;100741;3013.000000000;1;9393989029;S
20240116;100741;3013.000000000;15;9393989121;B
20240116;100741;3013.000000000;1;9393989224;B
20240116;100742;3012.500000000;1;9393989296;S
20240116;100742;3012.500000000;30;9393989313;S
20240116;100743;3012.500000000;2;9393989384;S
20240116;100743;3013.000000000;1;9393989441;B
20240116;100745;3013.000000000;1;9393989761;B
20240116;100746;3013.000000000;1;9393989855;B
20240116;100750;3012.500000000;5;9393990394;S
20240116;100750;3012.000000000;3;9393990395;S
20240116;100750;3011.500000000;28;9393990396;S
20240116;100750;3011.000000000;34;9393990397;S
20240116;100800;3012.500000000;26;9393991864;B
20240116;100800;3012.500000000;3;9393991865;B
20240116;100801;3013.000000000;25;9393991931;B
20240116;100801;3013.000000000;4;9393991954;B
20240116;100801;3013.000000000;6;9393991955;B
20240116;100801;3012.500000000;5;9393991995;S
20240116;100802;3012.500000000;2;9393992083;S
20240116;100804;3012.500000000;10;9393992379;S
20240116;100804;3012.500000000;4;9393992404;S
20240116;100804;3012.000000000;1;9393992414;S
20240116;100804;3011.500000000;1;9393992415;S
20240116;100805;3011.000000000;10;9393992570;S
20240116;100810;3013.000000000;1;9393993052;B
20240116;100812;3012.500000000;2;9393993255;S
20240116;100812;3012.500000000;2;9393993256;S
20240116;100812;3012.500000000;3;9393993257;S
20240116;100812;3012.000000000;3;9393993258;S
20240116;100818;3012.000000000;20;9393993868;S
20240116;100819;3012.000000000;12;9393993994;S
20240116;100819;3012.000000000;15;9393994032;S
20240116;100819;3012.000000000;3;9393994033;S
20240116;100819;3011.000000000;12;9393994034;S
20240116;100826;3011.000000000;5;9393994958;S
20240116;100830;3011.000000000;1;9393995623;S
20240116;100834;3011.500000000;5;9393996108;B
20240116;100834;3011.000000000;5;9393996164;S
20240116;100834;3011.500000000;1;9393996203;B
20240116;100835;3011.500000000;15;9393996256;B
20240116;100837;3011.000000000;10;9393996592;S
20240116;100841;3011.000000000;3;9393997163;S
20240116;100843;3011.500000000;10;9393997573;B
20240116;100844;3011.500000000;4;9393997696;B
20240116;100845;3011.500000000;4;9393997729;B
20240116;100845;3012.000000000;6;9393997730;B
20240116;100845;3012.000000000;10;9393997731;B
20240116;100845;3012.000000000;10;9393997732;B
20240116;100846;3012.000000000;1;9393997944;B
20240116;100849;3011.000000000;2;9393998348;S
20240116;100850;3011.000000000;48;9393998480;S
20240116;100851;3011.500000000;150;9393998601;B
20240116;100853;3011.000000000;1;9393998959;S
20240116;100854;3011.000000000;1;9393999054;S
20240116;100854;3011.500000000;1;9393999113;B
20240116;100854;3011.500000000;1;9393999147;B
20240116;100855;3011.500000000;7;9393999229;B
20240116;100856;3011.000000000;4;9393999370;S
20240116;100858;3011.000000000;4;9393999630;S
20240116;100900;3011.000000000;2;9393999920;S
20240116;100902;3011.500000000;3;9394000265;B
20240116;100903;3011.000000000;4;9394000304;S
20240116;100904;3011.500000000;4;9394000589;B
20240116;100904;3011.500000000;1;9394000590;B
20240116;100907;3012.000000000;3;9394000929;B
20240116;100907;3011.500000000;9;9394000997;S
20240116;100907;3011.500000000;1;9394000998;S
20240116;100908;3012.000000000;10;9394001018;B
20240116;100908;3011.500000000;2;9394001061;S
20240116;100908;3011.500000000;9;9394001079;S
20240116;100908;3011.500000000;1;9394001092;S
20240116;100908;3012.000000000;469;9394001113;B
20240116;100908;3012.000000000;5;9394001114;B
20240116;100908;3012.000000000;3;9394001115;B
20240116;100909;3012.000000000;3;9394001184;S
20240116;100909;3011.500000000;7;9394001185;S
20240116;100911;3012.000000000;1;9394001376;S
20240116;100911;3011.500000000;5;9394001377;S
20240116;100911;3011.500000000;9;9394001378;S
20240116;100919;3013.000000000;19;9394002289;B
20240116;100919;3013.000000000;10;9394002290;B
20240116;100919;3013.000000000;2;9394002291;B
20240116;100919;3013.000000000;3;9394002292;B
20240116;100919;3013.000000000;8;9394002293;B
20240116;100919;3013.500000000;26;9394002294;B
20240116;100919;3014.000000000;5;9394002295;B
20240116;100919;3014.000000000;4;9394002296;B
20240116;100919;3014.500000000;2;9394002297;B
20240116;100919;3014.500000000;2;9394002298;B
20240116;100919;3014.500000000;18;9394002299;B
20240116;100919;3014.000000000;26;9394002379;B
20240116;100919;3014.500000000;10;9394002380;B
20240116;100919;3014.500000000;70;9394002381;B
20240116;100919;3014.500000000;30;9394002385;B
20240116;100919;3015.000000000;4;9394002386;B
20240116;100919;3015.000000000;20;9394002387;B
20240116;100919;3015.000000000;1;9394002388;B
20240116;100919;3015.000000000;3;9394002389;B
20240116;100919;3015.000000000;2;9394002390;B
20240116;100919;3015.000000000;14;9394002391;B
20240116;100919;3015.000000000;34;9394002424;B
20240116;100920;3015.000000000;106;9394002446;B
20240116;100920;3015.000000000;39;9394002461;B
20240116;100921;3015.000000000;325;9394002717;B
20240116;100922;3012.000000000;1;9394002768;S
20240116;100922;3012.000000000;20;9394002769;S
20240116;100922;3015.000000000;325;9394002815;B
20240116;100922;3013.000000000;1;9394002828;B
20240116;100922;3014.500000000;3;9394002829;B
20240116;100922;3015.000000000;321;9394002830;B
20240116;100923;3015.000000000;325;9394002863;B
20240116;100923;3015.000000000;325;9394002882;B
20240116;100928;3013.500000000;25;9394003554;S
20240116;100928;3013.000000000;5;9394003555;S
20240116;100928;3013.000000000;1;9394003556;S
20240116;100928;3012.500000000;100;9394003557;S
20240116;100928;3012.500000000;1;9394003558;S
20240116;100928;3012.500000000;100;9394003559;S
20240116;100928;3012.500000000;33;9394003560;S
20240116;100928;3012.500000000;421;9394003561;B
20240116;100928;3012.500000000;49;9394003562;B
20240116;100929;3012.500000000;5;9394003709;S
20240116;100935;3014.500000000;5;9394004441;B
20240116;100935;3014.500000000;1;9394004442;B
20240116;100935;3014.500000000;25;9394004443;B
20240116;100935;3015.000000000;2;9394004444;B
20240116;100935;3013.500000000;10;9394004520;S
20240116;100937;3015.000000000;141;9394004742;B
20240116;100938;3014.000000000;2;9394004865;S
20240116;100944;3014.500000000;5;9394005564;B
20240116;100950;3013.500000000;1;9394006299;S
20240116;100950;3013.500000000;1;9394006300;S
20240116;100950;3013.500000000;1;9394006301;S
20240116;100950;3013.000000000;1;9394006302;S
20240116;100950;3013.000000000;33;9394006303;S
20240116;100950;3012.500000000;1;9394006361;S
20240116;100951;3013.000000000;190;9394006658;B
20240116;100951;3013.000000000;5;9394006659;B
20240116;100953;3012.500000000;9;9394006797;S
20240116;100957;3012.500000000;2;9394007427;S
20240116;100959;3012.000000000;3;9394007528;S
20240116;101003;3012.000000000;68;9394007947;S
20240116;101003;3012.000000000;21;9394007948;S
20240116;101003;3012.000000000;34;9394008048;S
20240116;101008;3013.000000000;1;9394008777;B
20240116;101013;3012.000000000;39;9394009644;S
20240116;101016;3012.000000000;10;9394010317;S
20240116;101017;3012.000000000;17;9394010524;S
20240116;101017;3012.000000000;25;9394010525;S
20240116;101017;3012.000000000;30;9394010526;S
20240116;101017;3012.000000000;27;9394010527;S
20240116;101017;3012.000000000;23;9394010640;S
20240116;101017;3012.000000000;1;9394010641;S
20240116;101017;3012.000000000;1;9394010642;S
20240116;101017;3012.000000000;8;9394010643;S
20240116;101022;3013.000000000;3;9394011369;B
20240116;101029;3012.000000000;24;9394012517;S
20240116;101029;3012.000000000;7;9394012518;S
20240116;101029;3012.000000000;75;9394012519;S
20240116;101037;3013.500000000;2;9394013919;B
20240116;101044;3012.000000000;80;9394015046;S
20240116;101049;3012.000000000;1;9394015742;S
20240116;101049;3012.000000000;1;9394015769;S
20240116;101051;3013.500000000;4;9394015914;B
20240116;101051;3013.500000000;4;9394015915;B
20240116;101051;3013.500000000;2;9394015916;B
20240116;101057;3013.000000000;1;9394016794;B
20240116;101057;3012.000000000;33;9394016847;S
20240116;101058;3012.000000000;10;9394016950;S
20240116;101058;3012.000000000;8;9394016951;S
20240116;101059;3013.000000000;2;9394017032;B
20240116;101059;3013.000000000;4;9394017033;B
20240116;101059;3013.500000000;4;9394017034;B
20240116;101101;3013.500000000;1;9394017418;B
20240116;101101;3013.500000000;25;9394017454;B
20240116;101105;3012.000000000;2;9394018008;S
20240116;101108;3012.000000000;2;9394018464;S
20240116;101109;3013.500000000;2;9394018738;B
20240116;101112;3013.500000000;6;9394019069;B
20240116;101114;3012.000000000;4;9394019415;S
20240116;101117;3013.500000000;1;9394019847;B
20240116;101119;3013.000000000;5;9394020101;S
20240116;101119;3013.000000000;1;9394020161;S
20240116;101120;3013.000000000;1;9394020292;S
20240116;101120;3013.500000000;5;9394020294;B
20240116;101121;3013.000000000;12;9394020549;S
20240116;101125;3013.500000000;3;9394020936;B
20240116;101125;3013.500000000;2;9394020970;B
20240116;101126;3013.000000000;10;9394021075;S
20240116;101127;3013.000000000;1;9394021141;S
20240116;101128;3013.500000000;1;9394021315;B
20240116;101130;3013.000000000;50;9394021884;S
20240116;101131;3013.000000000;32;9394022298;S
20240116;101132;3013.000000000;27;9394022338;S
20240116;101132;3013.000000000;111;9394022352;S
20240116;101133;3013.000000000;74;9394022643;S
20240116;101133;3013.500000000;1;9394022653;B
20240116;101133;3013.500000000;20;9394022654;B
20240116;101133;3013.500000000;14;9394022655;B
20240116;101133;3013.500000000;33;9394022656;B
20240116;101133;3013.500000000;4;9394022657;B
20240116;101133;3013.500000000;28;9394022658;B
20240116;101134;3013.000000000;17;9394022927;S
20240116;101134;3013.000000000;106;9394022944;S
20240116;101134;3013.000000000;2;9394023067;S
20240116;101135;3013.000000000;1;9394023392;S
20240116;101137;3013.000000000;2;9394023880;S
20240116;101138;3013.000000000;39;9394023974;S
20240116;101141;3013.000000000;124;9394024275;S
20240116;101143;3013.500000000;1;9394024573;B
20240116;101146;3013.000000000;10;9394025093;S
20240116;101146;3013.500000000;10;9394025127;B
20240116;101147;3013.500000000;12;9394025179;B
20240116;101149;3013.500000000;3;9394025400;B
20240116;101150;3013.500000000;1;9394025553;B
20240116;101153;3013.500000000;1;9394026129;B
20240116;101154;3013.000000000;3;9394026306;S
20240116;101154;3013.000000000;4;9394026307;S
20240116;101154;3013.500000000;64;9394026333;B
20240116;101155;3013.500000000;2;9394026404;B
20240116;101157;3013.000000000;25;9394026657;S
20240116;101159;3013.500000000;1;9394026996;B
20240116;101200;3013.000000000;1;9394027120;S
20240116;101200;3013.000000000;1;9394027135;S
20240116;101200;3013.500000000;5;9394027142;B
20240116;101200;3013.000000000;3;9394027214;S
20240116;101201;3013.000000000;1;9394027313;S
20240116;101202;3013.500000000;5;9394027430;B
20240116;101204;3013.000000000;3;9394027659;S
20240116;101204;3013.500000000;2;9394027665;B
20240116;101204;3013.500000000;6;9394027681;B
20240116;101204;3013.500000000;11;9394027682;B
20240116;101204;3013.500000000;5;9394027683;B
20240116;101204;3013.500000000;4;9394027684;S
20240116;101206;3013.500000000;3;9394027891;S
20240116;101206;3013.500000000;1;9394027919;S
20240116;101208;3013.500000000;2;9394028167;S
20240116;101209;3013.500000000;1;9394028306;S
20240116;101209;3013.500000000;2;9394028335;S
20240116;101210;3013.500000000;10;9394028497;S
20240116;101210;3013.500000000;1;9394028499;S
20240116;101211;3014.000000000;2;9394028576;B
20240116;101217;3013.500000000;1;9394029387;S
20240116;101218;3014.000000000;1;9394029602;B
20240116;101219;3014.000000000;1;9394029798;B
20240116;101221;3013.500000000;1;9394030164;S
20240116;101222;3014.000000000;7;9394030455;B
20240116;101224;3014.000000000;120;9394030960;B
20240116;101225;3014.000000000;3;9394031046;B
20240116;101225;3013.500000000;1;9394031047;S
20240116;101225;3013.500000000;40;9394031154;S
20240116;101228;3013.500000000;2;9394031873;S
20240116;101229;3014.000000000;5;9394031944;B
20240116;101229;3014.000000000;1;9394032250;B
20240116;101229;3013.500000000;5;9394032251;S
20240116;101229;3013.500000000;4;9394032486;S
20240116;101229;3013.500000000;4;9394032487;S
20240116;101229;3013.500000000;2;9394032488;S
20240116;101230;3013.500000000;4;9394032751;S
20240116;101230;3014.000000000;2;9394032952;B
20240116;101230;3014.000000000;7;9394032954;B
20240116;101230;3014.000000000;2;9394032961;B
20240116;101231;3013.500000000;24;9394033062;S
20240116;101231;3013.500000000;1;9394033190;B
20240116;101231;3013.500000000;4;9394033201;B
20240116;101231;3013.500000000;6;9394033202;B
20240116;101231;3013.000000000;10;9394033285;S
20240116;101231;3013.000000000;227;9394033288;S
20240116;101231;3013.000000000;4;9394033289;S
20240116;101231;3013.000000000;80;9394033290;S
20240116;101231;3013.000000000;50;9394033291;S
20240116;101231;3013.000000000;20;9394033292;S
20240116;101231;3013.000000000;10;9394033293;S
20240116;101232;3012.500000000;1;9394033535;S
20240116;101232;3012.500000000;3;9394033536;S
20240116;101232;3012.000000000;194;9394033539;S
20240116;101232;3012.000000000;1;9394033540;S
20240116;101232;3012.000000000;5;9394033541;S
20240116;101232;3012.000000000;1;9394033542;S
20240116;101232;3012.000000000;200;9394033543;S
20240116;101232;3012.000000000;268;9394033544;S
20240116;101232;3012.000000000;10;9394033545;S
20240116;101232;3012.000000000;1;9394033546;S
20240116;101232;3012.000000000;6;9394033547;S
20240116;101232;3012.000000000;150;9394033548;S
20240116;101232;3012.000000000;5;9394033549;S
20240116;101232;3012.000000000;2;9394033550;S
20240116;101232;3011.500000000;1;9394033551;S
20240116;101232;3011.500000000;5;9394033552;S
20240116;101233;3011.000000000;54;9394033780;S
20240116;101233;3011.000000000;5;9394033781;S
20240116;101233;3011.000000000;12;9394033782;S
20240116;101233;3011.000000000;1;9394033783;S
20240116;101233;3011.000000000;2;9394033784;S
20240116;101233;3011.000000000;10;9394033785;S
20240116;101233;3011.000000000;100;9394033786;S
20240116;101233;3011.000000000;10;9394033787;S
20240116;101233;3011.000000000;10;9394033788;S
20240116;101233;3011.000000000;8;9394033789;S
20240116;101233;3010.500000000;70;9394033790;S
20240116;101233;3010.000000000;80;9394033791;S
20240116;101233;3010.000000000;1;9394033792;S
20240116;101233;3010.000000000;4;9394033793;S
20240116;101233;3010.000000000;50;9394033794;S
20240116;101233;3010.000000000;1;9394033795;S
20240116;101233;3010.000000000;3;9394033796;S
20240116;101233;3010.000000000;1;9394033797;S
20240116;101233;3010.000000000;1;9394033798;S
20240116;101233;3010.000000000;77;9394033799;S
20240116;101233;3010.000000000;23;9394033892;S
20240116;101233;3010.000000000;11;9394033893;S
20240116;101234;3009.500000000;5;9394034101;B
20240116;101234;3009.500000000;25;9394034128;B
20240116;101234;3010.000000000;26;9394034129;B
20240116;101234;3010.000000000;10;9394034130;B
20240116;101234;3010.000000000;7;9394034212;S
20240116;101234;3010.000000000;3;9394034504;S
20240116;101234;3010.000000000;60;9394034605;S
20240116;101234;3010.000000000;169;9394034606;S
20240116;101235;3009.000000000;10;9394035138;S
20240116;101235;3009.000000000;1;9394035139;S
20240116;101235;3009.000000000;4;9394035140;S
20240116;101235;3009.000000000;15;9394035141;S
20240116;101235;3009.000000000;3;9394035142;S
20240116;101236;3009.000000000;3;9394035453;B
20240116;101238;3008.500000000;20;9394036601;S
20240116;101238;3008.500000000;1;9394036602;S
20240116;101240;3008.500000000;20;9394037479;S
20240116;101240;3008.500000000;4;9394037697;S
20240116;101241;3009.000000000;1;9394038137;B
20240116;101242;3008.500000000;5;9394038242;S
20240116;101242;3008.500000000;1;9394038243;S
20240116;101242;3008.500000000;6;9394038244;S
20240116;101242;3008.500000000;38;9394038245;S
20240116;101243;3009.000000000;16;9394038380;B
20240116;101244;3009.000000000;1;9394038674;B
20240116;101244;3008.500000000;1;9394038701;S
20240116;101245;3008.500000000;100;9394038803;S
20240116;101246;3009.000000000;12;9394038985;B
20240116;101246;3009.000000000;4;9394038986;B
20240116;101246;3009.000000000;32;9394038987;B
20240116;101246;3009.000000000;5;9394038988;B
20240116;101246;3009.000000000;75;9394038989;B
20240116;101248;3009.500000000;1;9394039634;B
20240116;101248;3009.500000000;19;9394039635;B
20240116;101248;3009.000000000;1;9394039665;S
20240116;101251;3009.000000000;3;9394040142;S
20240116;101253;3009.000000000;5;9394040627;S
20240116;101253;3009.000000000;13;9394040715;S
20240116;101254;3009.500000000;1;9394040905;B
20240116;101254;3009.000000000;10;9394040918;S
20240116;101255;3009.000000000;10;9394041079;S
20240116;101255;3009.500000000;3;9394041295;B
20240116;101257;3009.500000000;3;9394041677;B
20240116;101257;3009.000000000;1;9394041727;S
20240116;101257;3009.000000000;2;9394041733;S
20240116;101300;3009.000000000;500;9394042642;S
20240116;101300;3009.000000000;7;9394043047;S
20240116;101301;3009.000000000;111;9394043153;S
20240116;101301;3009.000000000;39;9394043154;S
20240116;101301;3009.000000000;20;9394043512;S
20240116;101301;3009.000000000;4;9394043513;S
20240116;101302;3009.000000000;37;9394043797;S
20240116;101302;3009.000000000;1;9394043798;S
20240116;101302;3009.000000000;3;9394043799;S
20240116;101302;3009.000000000;1;9394043800;S
20240116;101302;3008.500000000;361;9394043801;S
20240116;101302;3008.500000000;1;9394043802;S
20240116;101302;3008.000000000;100;9394043803;S
20240116;101302;3008.000000000;25;9394043804;S
20240116;101302;3008.000000000;10;9394043805;S
20240116;101302;3008.000000000;23;9394043806;S
20240116;101302;3008.000000000;27;9394043807;S
20240116;101302;3008.000000000;170;9394043808;S
20240116;101302;3008.000000000;1;9394043809;S
20240116;101302;3008.000000000;100;9394043810;S
20240116;101302;3008.000000000;15;9394043811;S
20240116;101302;3007.500000000;1;9394043812;S
20240116;101302;3007.500000000;1;9394043813;S
20240116;101302;3007.500000000;4;9394043814;S
20240116;101303;3007.000000000;10;9394044227;S
20240116;101303;3007.000000000;2;9394044258;S
20240116;101304;3007.000000000;23;9394044500;S
20240116;101304;3007.000000000;77;9394044501;S
20240116;101304;3007.000000000;111;9394044502;S
20240116;101304;3007.000000000;2;9394044503;S
20240116;101304;3007.000000000;1;9394044504;S
20240116;101304;3007.000000000;6;9394044505;S
20240116;101304;3006.500000000;60;9394044506;S
20240116;101304;3006.500000000;66;9394044515;S
20240116;101304;3006.500000000;1;9394044516;S
20240116;101304;3006.500000000;5;9394044517;S
20240116;101304;3006.500000000;33;9394044518;S
20240116;101304;3006.500000000;20;9394044519;S
20240116;101304;3006.000000000;20;9394044520;S
20240116;101304;3006.000000000;1;9394044521;S
20240116;101304;3006.000000000;3;9394044522;S
20240116;101304;3006.000000000;184;9394044523;S
20240116;101304;3006.000000000;20;9394044531;S
20240116;101304;3006.000000000;296;9394044580;S
20240116;101304;3006.000000000;1;9394044581;S
20240116;101304;3006.000000000;10;9394044582;S
20240116;101304;3006.000000000;17;9394044583;S
20240116;101304;3006.000000000;6;9394044584;S
20240116;101304;3006.000000000;14;9394044585;S
20240116;101304;3005.500000000;3;9394044586;S
20240116;101304;3005.500000000;2;9394044587;S
20240116;101304;3005.500000000;86;9394044588;S
20240116;101304;3005.500000000;18;9394044589;S
20240116;101304;3005.500000000;7;9394044590;S
20240116;101304;3005.500000000;1;9394044591;S
20240116;101305;3005.000000000;1;9394044751;S
20240116;101305;3005.000000000;1;9394044752;S
20240116;101305;3005.000000000;1;9394044753;S
20240116;101305;3005.000000000;1;9394044754;S
20240116;101305;3005.000000000;1;9394044755;S
20240116;101305;3005.000000000;30;9394044756;S
20240116;101305;3005.000000000;1;9394044757;S
20240116;101305;3005.000000000;200;9394044758;S
20240116;101305;3005.000000000;10;9394044759;S
20240116;101305;3005.000000000;17;9394044760;S
20240116;101305;3005.000000000;2;9394044761;S
20240116;101305;3005.000000000;3;9394044762;S
20240116;101305;3005.000000000;1;9394044763;S
20240116;101305;3005.000000000;100;9394044764;S
20240116;101305;3005.000000000;6;9394044765;S
20240116;101305;3005.000000000;1;9394044766;S
20240116;101305;3005.000000000;1;9394044767;S
20240116;101305;3005.000000000;3;9394044768;S
20240116;101305;3004.500000000;1;9394044773;S
20240116;101305;3004.500000000;1;9394044774;S
20240116;101305;3004.500000000;1;9394044775;S
20240116;101305;3004.000000000;1;9394044784;S
20240116;101305;3004.000000000;7;9394044785;S
20240116;101305;3004.000000000;1;9394044786;S
20240116;101305;3003.500000000;1;9394044787;S
20240116;101305;3003.000000000;2;9394044788;S
20240116;101305;3003.000000000;2;9394044789;S
20240116;101305;3003.000000000;5;9394044790;S
20240116;101305;3002.500000000;1;9394044791;S
20240116;101305;3002.500000000;1;9394044792;S
20240116;101305;3002.500000000;1;9394044793;S
20240116;101305;3002.500000000;1;9394044794;S
20240116;101305;3002.500000000;11;9394044795;S
20240116;101305;3002.000000000;1;9394044821;S
20240116;101305;3002.000000000;3;9394044822;S
20240116;101305;3002.000000000;1;9394044823;S
20240116;101305;3003.000000000;1;9394044839;B
20240116;101305;3002.000000000;3;9394044851;S
20240116;101305;3004.500000000;1;9394044883;B
20240116;101305;3002.000000000;134;9394044899;S
20240116;101305;3002.000000000;59;9394044902;S
20240116;101305;3002.000000000;5;9394044903;S
20240116;101305;3002.000000000;11;9394044904;S
20240116;101305;3002.000000000;29;9394044913;S
20240116;101305;3002.000000000;5;9394044914;S
20240116;101305;3002.000000000;1;9394044915;S
20240116;101305;3001.500000000;1;9394044916;S
20240116;101305;3001.500000000;48;9394044917;S
20240116;101305;3001.500000000;3;9394044918;S
20240116;101305;3001.500000000;149;9394044919;S
20240116;101305;3001.000000000;2;9394044920;S
20240116;101305;3001.000000000;5;9394044921;S
20240116;101305;3001.000000000;15;9394044939;S
20240116;101305;3001.000000000;1;9394044940;S
20240116;101305;3001.000000000;18;9394044941;S
20240116;101305;3001.000000000;32;9394044942;S
20240116;101305;3001.000000000;1;9394044943;S
20240116;101305;3001.000000000;4;9394044944;S
20240116;101305;3001.000000000;6;9394044945;S
20240116;101305;3001.000000000;4;9394044946;S
20240116;101305;3000.500000000;1;9394044947;S
20240116;101305;3000.500000000;1;9394044948;S
20240116;101305;3000.500000000;1;9394044949;S
20240116;101305;3003.500000000;15;9394044950;B
20240116;101305;3000.500000000;1;9394044951;S
20240116;101305;3000.500000000;3;9394044952;S
20240116;101305;3000.500000000;4;9394044953;S
20240116;101305;3001.000000000;1;9394044956;S
20240116;101305;3000.500000000;1;9394044957;S
20240116;101305;3000.500000000;15;9394044958;S
20240116;101305;3000.500000000;5;9394044959;S
20240116;101305;3000.500000000;4;9394044960;S
20240116;101305;3000.500000000;6;9394044961;S
20240116;101305;3000.500000000;1;9394044962;S
20240116;101305;3000.500000000;2;9394044963;S
20240116;101305;3000.500000000;25;9394044967;S
20240116;101305;3000.500000000;10;9394044968;S
20240116;101305;3000.500000000;25;9394044969;S
20240116;101305;3000.500000000;10;9394044970;S
20240116;101305;3000.500000000;1;9394044971;S
20240116;101305;3000.500000000;1;9394044972;S
20240116;101305;3000.500000000;8;9394044973;S
20240116;101305;3000.500000000;18;9394045002;B
20240116;101305;3000.000000000;1;9394045006;S
20240116;101305;3000.000000000;1;9394045007;S
20240116;101305;3000.000000000;9;9394045017;S
20240116;101305;3000.000000000;4;9394045018;S
20240116;101305;3000.000000000;6;9394045019;S
20240116;101305;3000.000000000;1;9394045020;S
20240116;101305;3000.000000000;1;9394045021;S
20240116;101305;3000.000000000;1;9394045022;S
20240116;101305;3000.000000000;1;9394045023;S
20240116;101305;3000.000000000;4;9394045024;S
20240116;101305;3000.000000000;1;9394045025;S
20240116;101305;3000.000000000;1;9394045026;S
20240116;101305;3000.000000000;1;9394045027;S
20240116;101305;3000.000000000;1;9394045028;S
20240116;101305;3000.000000000;10;9394045029;S
20240116;101305;3000.000000000;3;9394045030;S
20240116;101305;3000.000000000;1;9394045031;S
20240116;101305;3000.000000000;1;9394045032;S
20240116;101305;3000.000000000;52;9394045033;S
20240116;101305;3000.000000000;35;9394045034;S
20240116;101305;3000.000000000;1;9394045035;S
20240116;101305;3000.000000000;6;9394045036;S
20240116;101305;3000.000000000;3;9394045039;S
20240116;101305;3000.500000000;5;9394045040;B
20240116;101305;3000.000000000;1;9394045068;S
20240116;101305;3000.000000000;1;9394045075;S
20240116;101305;3000.000000000;2;9394045084;S
20240116;101306;3000.500000000;15;9394045106;B
20240116;101306;3000.000000000;50;9394045107;S
20240116;101306;3000.000000000;35;9394045108;S
20240116;101306;3000.000000000;20;9394045110;S
20240116;101306;3000.500000000;1;9394045123;B
20240116;101306;3000.000000000;8;9394045137;S
20240116;101306;3000.000000000;5;9394045139;S
20240116;101306;3000.000000000;1;9394045140;S
20240116;101306;3000.000000000;2;9394045148;S
20240116;101306;3000.000000000;40;9394045167;S
20240116;101306;3000.000000000;10;9394045168;S
20240116;101306;3000.000000000;10;9394045236;S
20240116;101306;3000.000000000;3;9394045240;S
20240116;101306;3000.000000000;1;9394045245;S
20240116;101306;3000.000000000;3;9394045256;S
20240116;101306;3000.000000000;2;9394045262;S
20240116;101306;3000.500000000;3;9394045275;B
20240116;101306;3000.500000000;1;9394045276;B
20240116;101306;3000.000000000;1;9394045278;S
20240116;101306;3000.000000000;8;9394045282;S
20240116;101306;3000.000000000;2;9394045283;S
20240116;101306;3000.000000000;1;9394045286;S
20240116;101306;3000.000000000;4;9394045290;S
20240116;101306;3000.500000000;2;9394045291;B
20240116;101306;3000.000000000;2;9394045292;S
20240116;101306;3000.000000000;1;9394045294;S
20240116;101306;3000.000000000;3;9394045295;S
20240116;101306;3000.000000000;20;9394045298;S
20240116;101306;3000.500000000;3;9394045299;B
20240116;101306;3000.000000000;1;9394045301;S
20240116;101306;3000.000000000;14;9394045302;S
20240116;101306;3000.000000000;2;9394045304;S
20240116;101306;3000.000000000;4;9394045305;S
20240116;101306;3000.000000000;11;9394045306;S
20240116;101306;3000.000000000;1;9394045307;S
20240116;101306;3000.000000000;5;9394045308;S
20240116;101306;3000.000000000;50;9394045309;S
20240116;101306;3000.000000000;1;9394045310;S
20240116;101306;3000.000000000;10;9394045311;S
20240116;101306;3000.000000000;24;9394045312;S
20240116;101306;3000.000000000;2;9394045313;S
20240116;101306;3000.000000000;1;9394045314;S
20240116;101306;3000.000000000;1;9394045315;S
20240116;101306;3000.000000000;1;9394045316;S
20240116;101306;3000.000000000;21;9394045317;S
20240116;101306;3000.000000000;6;9394045318;S
20240116;101306;3000.000000000;62;9394045319;S
20240116;101306;3000.000000000;16;9394045320;S
20240116;101306;3000.500000000;8;9394045322;B
20240116;101306;3000.000000000;6;9394045323;S
20240116;101306;3000.000000000;1;9394045325;S
20240116;101306;3000.000000000;4;9394045326;S
20240116;101306;3000.000000000;11;9394045327;S
20240116;101306;3000.000000000;1;9394045328;S
20240116;101306;3000.000000000;3;9394045329;S
20240116;101306;3000.000000000;5;9394045330;S
20240116;101306;3000.000000000;30;9394045331;S
20240116;101306;3000.000000000;11;9394045332;S
20240116;101306;3000.000000000;3;9394045334;S
20240116;101306;3000.000000000;10;9394045335;S
20240116;101306;3000.000000000;8;9394045336;S
20240116;101306;3000.000000000;8;9394045337;S
20240116;101306;3000.000000000;5;9394045377;S
20240116;101306;3000.000000000;1;9394045378;S
20240116;101306;3000.000000000;1;9394045380;S
20240116;101306;3000.000000000;50;9394045381;S
20240116;101306;3000.000000000;165;9394045384;S
20240116;101306;3000.000000000;5;9394045387;S
20240116;101306;3000.000000000;5;9394045388;S
20240116;101306;3000.000000000;1;9394045390;S
20240116;101306;3000.000000000;2;9394045391;S
20240116;101306;3000.000000000;20;9394045392;S
20240116;101306;3000.000000000;3;9394045393;S
20240116;101306;3000.000000000;6;9394045394;S
20240116;101306;3000.000000000;10;9394045395;S
20240116;101306;3000.000000000;7;9394045396;S
20240116;101306;3000.000000000;5;9394045397;S
20240116;101306;3000.000000000;5;9394045398;S
20240116;101306;3000.000000000;17;9394045400;S
20240116;101306;3000.500000000;1;9394045401;B
20240116;101306;3000.000000000;2;9394045402;S
20240116;101306;3000.000000000;35;9394045403;S
20240116;101306;3000.000000000;2;9394045404;S
20240116;101306;3000.000000000;9;9394045405;S
20240116;101306;3000.000000000;100;9394045406;S
20240116;101306;3000.000000000;7;9394045408;S
20240116;101306;3000.000000000;4;9394045409;S
20240116;101306;3000.000000000;5;9394045410;S
20240116;101306;3000.000000000;10;9394045411;S
20240116;101306;3000.500000000;1;9394045412;B
20240116;101306;3000.000000000;2;9394045413;S
20240116;101306;3000.000000000;40;9394045414;S
20240116;101306;3000.000000000;1;9394045415;S
20240116;101306;3000.000000000;1;9394045416;S
20240116;101306;3000.000000000;2;9394045417;S
20240116;101306;3000.000000000;35;9394045418;S
20240116;101306;3000.000000000;1;9394045422;S
20240116;101306;3000.500000000;1;9394045424;B
20240116;101306;3000.000000000;10;9394045426;S
20240116;101306;3000.500000000;1;9394045427;B
20240116;101306;3000.000000000;29;9394045428;S
20240116;101306;3000.000000000;2;9394045430;S
20240116;101306;3000.500000000;10;9394045431;B
20240116;101306;3000.000000000;28;9394045433;S
20240116;101306;3000.500000000;1;9394045434;B
20240116;101306;3000.000000000;5;9394045435;S
20240116;101306;3000.500000000;1;9394045437;B
20240116;101306;3000.000000000;43;9394045438;S
20240116;101306;3000.500000000;30;9394045440;B
20240116;101306;3000.500000000;5;9394045441;B
20240116;101306;3000.000000000;6;9394045444;S
20240116;101306;3000.000000000;15;9394045445;S
20240116;101306;3000.000000000;3;9394045446;S
20240116;101306;3000.500000000;5;9394045448;B
20240116;101306;3000.000000000;3;9394045449;S
20240116;101306;3000.000000000;1;9394045450;S
20240116;101306;3000.000000000;2;9394045454;S
20240116;101306;3000.000000000;1;9394045457;S
20240116;101306;3000.000000000;2;9394045458;S
20240116;101306;3000.500000000;4;9394045459;B
20240116;101306;3000.000000000;60;9394045460;S
20240116;101306;3000.000000000;1;9394045461;S
20240116;101306;3000.000000000;24;9394045468;S
20240116;101306;3000.000000000;2;9394045469;S
20240116;101306;3000.000000000;9;9394045470;S
20240116;101306;3000.000000000;3;9394045471;S
20240116;101306;3000.000000000;2;9394045472;S
20240116;101306;3000.000000000;16;9394045473;S
20240116;101306;3000.000000000;2;9394045474;S
20240116;101306;3000.000000000;2;9394045475;S
20240116;101306;3000.500000000;2;9394045476;B
20240116;101306;3000.000000000;4;9394045477;S
20240116;101306;3000.000000000;31;9394045478;S
20240116;101306;3000.000000000;1;9394045479;S
20240116;101306;3000.000000000;7;9394045481;S
20240116;101306;3000.000000000;3;9394045482;S
20240116;101306;3000.000000000;2;9394045484;S
20240116;101306;3000.000000000;1;9394045485;S
20240116;101306;3000.000000000;20;9394045486;S
20240116;101306;3000.000000000;5;9394045487;S
20240116;101306;3000.000000000;1;9394045488;S
20240116;101306;3000.000000000;2;9394045489;S
20240116;101306;3000.000000000;1;9394045490;S
20240116;101306;3000.000000000;7;9394045491;S
20240116;101306;3000.000000000;53;9394045492;S
20240116;101306;3000.000000000;3;9394045493;S
20240116;101306;3000.000000000;1;9394045494;S
20240116;101306;3000.000000000;1;9394045495;S
20240116;101306;3000.000000000;10;9394045496;S
20240116;101306;3000.000000000;9;9394045497;S
20240116;101306;3000.000000000;1;9394045498;S
20240116;101306;3000.000000000;42;9394045499;S
20240116;101306;3000.000000000;20;9394045500;S
20240116;101306;3000.000000000;16;9394045501;S
20240116;101306;3000.000000000;2;9394045502;S
20240116;101306;3000.000000000;2;9394045504;S
20240116;101306;3000.000000000;66;9394045510;S
20240116;101306;3000.000000000;9;9394045512;S
20240116;101306;3000.000000000;1;9394045513;S
20240116;101306;3000.000000000;52;9394045514;S
20240116;101306;3000.000000000;3;9394045515;S
20240116;101306;3000.000000000;9;9394045516;S
20240116;101307;3000.000000000;6;9394045518;S
20240116;101307;3000.000000000;1;9394045521;S
20240116;101307;3000.000000000;10;9394045522;S
20240116;101307;3000.000000000;7;9394045534;S
20240116;101307;3000.000000000;4;9394045593;S
20240116;101307;3000.000000000;2;9394045595;S
20240116;101307;3000.000000000;8;9394045599;S
20240116;101307;3000.000000000;4;9394045600;S
20240116;101307;3000.000000000;1;9394045601;S
20240116;101307;3000.000000000;4;9394045602;S
20240116;101307;3000.000000000;2;9394045603;S
20240116;101307;3000.000000000;1;9394045604;S
20240116;101307;3000.000000000;20;9394045605;S
20240116;101307;3000.000000000;1;9394045606;S
20240116;101307;3000.000000000;20;9394045607;S
20240116;101307;3000.000000000;5;9394045608;S
20240116;101307;3000.000000000;1;9394045609;S
20240116;101307;3000.000000000;1;9394045610;S
20240116;101307;3000.000000000;10;9394045611;S
20240116;101307;3000.000000000;2;9394045612;S
20240116;101307;3000.000000000;1;9394045613;S
20240116;101307;3000.000000000;3;9394045614;S
20240116;101307;3000.000000000;10;9394045615;S
20240116;101307;3000.000000000;2;9394045616;S
20240116;101307;3000.000000000;35;9394045617;S
20240116;101307;3000.000000000;3;9394045626;S
20240116;101307;3000.000000000;62;9394045637;S
20240116;101307;3000.000000000;1;9394045638;S
20240116;101307;3000.000000000;1;9394045639;S
20240116;101307;3000.000000000;4;9394045640;S
20240116;101307;3000.000000000;1;9394045641;S
20240116;101307;3000.000000000;50;9394045642;S
20240116;101307;3000.000000000;3;9394045643;S
20240116;101307;3000.000000000;3;9394045644;S
20240116;101307;3000.000000000;1;9394045645;S
20240116;101307;3000.000000000;2;9394045646;S
20240116;101307;3000.000000000;1;9394045647;S
20240116;101307;3000.000000000;5;9394045648;S
20240116;101307;3000.000000000;1;9394045649;S
20240116;101307;3000.000000000;6;9394045650;S
20240116;101307;3000.000000000;1;9394045651;S
20240116;101307;3000.000000000;3;9394045652;S
20240116;101307;3000.000000000;20;9394045653;S
20240116;101307;3000.000000000;3;9394045654;S
20240116;101307;3000.000000000;1;9394045655;S
20240116;101307;2999.500000000;20;9394045656;S
20240116;101307;2999.000000000;2;9394045657;S
20240116;101307;2999.000000000;100;9394045658;S
20240116;101307;2999.000000000;15;9394045659;S
20240116;101307;2999.000000000;6;9394045660;S
20240116;101307;2998.500000000;1;9394045661;S
20240116;101307;2998.500000000;1;9394045662;S
20240116;101307;2998.500000000;8;9394045663;S
20240116;101307;2998.000000000;1;9394045664;S
20240116;101307;2998.000000000;1;9394045665;S
20240116;101307;2998.000000000;1;9394045666;S
20240116;101307;2998.000000000;1;9394045667;S
20240116;101307;2998.000000000;12;9394045668;S
20240116;101307;2998.000000000;26;9394045669;S
20240116;101307;2997.500000000;1;9394045670;S
20240116;101307;2997.500000000;100;9394045671;S
20240116;101307;2997.500000000;1;9394045672;S
20240116;101307;2997.500000000;30;9394045673;S
20240116;101307;2997.000000000;25;9394045674;S
20240116;101307;2997.000000000;1;9394045675;S
20240116;101307;2997.000000000;1;9394045676;S
20240116;101307;2997.000000000;1;9394045677;S
20240116;101307;2997.000000000;2;9394045678;S
20240116;101307;2997.000000000;500;9394045679;S
20240116;101307;2996.500000000;1;9394045680;S
20240116;101307;2996.500000000;3;9394045681;S
20240116;101307;2996.500000000;2;9394045682;S
20240116;101307;2996.500000000;60;9394045683;S
20240116;101307;2996.000000000;159;9394045684;S
20240116;101307;2996.000000000;2;9394045685;S
20240116;101307;2996.000000000;5;9394045686;S
20240116;101307;2996.000000000;5;9394045687;S
20240116;101307;2996.000000000;1;9394045688;S
20240116;101307;2996.000000000;10;9394045689;S
20240116;101307;2996.000000000;30;9394045690;S
20240116;101307;2995.000000000;10;9394045691;S
20240116;101307;2995.000000000;32;9394045692;S
20240116;101307;2994.500000000;1;9394045693;S
20240116;101307;2994.500000000;300;9394045694;S
20240116;101307;2994.500000000;26;9394045695;S
20240116;101307;2994.000000000;1;9394045696;S
20240116;101307;2994.000000000;83;9394045697;S
20240116;101307;2993.500000000;13;9394045698;S
20240116;101307;2993.500000000;1;9394045699;S
20240116;101307;2993.000000000;4;9394045700;S
20240116;101307;2993.000000000;300;9394045701;S
20240116;101307;2993.000000000;26;9394045702;S
20240116;101307;2992.500000000;1;9394045703;S
20240116;101307;2992.500000000;1;9394045704;S
20240116;101307;2992.500000000;30;9394045705;S
20240116;101307;2992.500000000;150;9394045706;S
20240116;101307;2992.500000000;400;9394045707;S
20240116;101307;2992.000000000;1;9394045708;S
20240116;101307;2992.000000000;1;9394045709;S
20240116;101307;2992.000000000;50;9394045710;S
20240116;101307;2992.000000000;200;9394045711;S
20240116;101307;2991.500000000;5;9394045712;S
20240116;101307;2991.500000000;327;9394045713;S
20240116;101307;2991.500000000;63;9394045714;S
20240116;101307;2991.500000000;300;9394045715;S
20240116;101307;2991.000000000;20;9394045716;S
20240116;101307;2991.000000000;1;9394045717;S
20240116;101307;2990.500000000;1;9394045718;S
20240116;101307;2990.500000000;300;9394045719;S
20240116;101307;2990.000000000;2;9394045720;S
20240116;101307;2990.000000000;1;9394045721;S
20240116;101307;2990.000000000;80;9394045722;S
20240116;101307;2990.000000000;1;9394045723;S
20240116;101307;2990.000000000;50;9394045724;S
20240116;101307;2989.000000000;1;9394045725;S
20240116;101307;2989.000000000;1;9394045726;S
20240116;101307;2989.000000000;100;9394045727;S
20240116;101307;2988.000000000;300;9394045728;S
20240116;101307;2988.000000000;3;9394045729;S
20240116;101307;2988.000000000;2;9394045730;S
20240116;101307;2987.500000000;1;9394045731;S
20240116;101307;2987.500000000;1;9394045732;S
20240116;101307;2987.500000000;1;9394045733;S
20240116;101307;2987.000000000;1;9394045734;S
20240116;101307;2987.000000000;8;9394045735;S
20240116;101307;2987.000000000;1;9394045736;S
20240116;101307;2987.000000000;10;9394045737;S
20240116;101307;2985.500000000;200;9394045738;S
20240116;101307;2985.500000000;528;9394045739;S
20240116;101307;2985.500000000;20;9394045741;S
20240116;101307;2985.500000000;5;9394045742;S
20240116;101307;2988.000000000;5;9394045745;B
20240116;101307;2988.000000000;5;9394045746;B
20240116;101307;2988.000000000;5;9394045747;S
20240116;101307;2988.000000000;20;9394045748;S
20240116;101307;2986.500000000;25;9394045749;S
20240116;101307;2987.000000000;3;9394045750;S
20240116;101307;2987.500000000;40;9394045751;B
20240116;101307;2987.500000000;10;9394045752;B
20240116;101307;2987.500000000;13;9394045756;B
20240116;101307;2990.500000000;20;9394045758;B
20240116;101307;2991.000000000;30;9394045761;S
20240116;101307;2991.000000000;10;9394045762;S
20240116;101307;2989.500000000;48;9394045764;B
20240116;101307;2989.500000000;1;9394045765;B
20240116;101307;2989.000000000;28;9394045766;B
20240116;101307;2989.000000000;36;9394045767;B
20240116;101307;2989.000000000;19;9394045768;B
20240116;101307;2989.500000000;17;9394045769;B
20240116;101307;2987.500000000;3;9394045770;S
20240116;101307;2987.500000000;30;9394045771;S
20240116;101307;2987.000000000;4;9394045772;S
20240116;101307;2987.000000000;20;9394045773;S
20240116;101307;2987.000000000;17;9394045774;S
20240116;101307;2987.500000000;33;9394045780;S
20240116;101307;2987.000000000;17;9394045781;S
20240116;101307;2987.000000000;32;9394045783;S
20240116;101307;2988.500000000;33;9394045815;S
20240116;101307;2988.500000000;12;9394045816;S
20240116;101307;2989.000000000;5;9394045845;B
20240116;101307;2988.500000000;35;9394045862;S
20240116;101307;2988.000000000;47;9394045863;S
20240116;101307;2988.000000000;35;9394045864;S
20240116;101307;2988.000000000;10;9394045865;S
20240116;101307;2989.000000000;1;9394045866;B
20240116;101307;2988.000000000;8;9394045867;S
20240116;101307;2988.000000000;80;9394045874;S
20240116;101307;2986.500000000;20;9394045875;S
20240116;101307;2987.000000000;21;9394045876;S
20240116;101307;2988.000000000;30;9394045878;B
20240116;101307;2987.000000000;35;9394045885;S
20240116;101307;2987.000000000;8;9394045890;S
20240116;101307;2987.000000000;1;9394045891;S
20240116;101307;2988.000000000;1;9394045892;B
20240116;101307;2987.000000000;25;9394045893;S
20240116;101307;2987.000000000;2;9394045896;S
20240116;101307;2987.000000000;4;9394045900;S
20240116;101307;2988.000000000;1;9394045902;B
20240116;101307;2987.000000000;4;9394045903;S
20240116;101307;2988.000000000;5;9394045904;B
20240116;101307;2988.000000000;5;9394045909;B
20240116;101307;2988.000000000;5;9394045914;B
20240116;101307;2987.000000000;10;9394045916;S
20240116;101307;2988.000000000;4;9394045918;B
20240116;101307;2987.000000000;1;9394045919;S
20240116;101307;2987.000000000;1;9394045921;S
20240116;101307;2987.000000000;1;9394045924;S
20240116;101307;2987.000000000;2;9394045925;S
20240116;101307;2987.000000000;9;9394045926;S
20240116;101307;2986.500000000;6;9394045927;S
20240116;101307;2986.500000000;1;9394045929;S
20240116;101307;2986.500000000;25;9394045935;S
20240116;101307;2988.000000000;1;9394045939;B
20240116;101307;2986.500000000;5;9394045942;S
20240116;101307;2986.500000000;4;9394045943;S
20240116;101307;2986.500000000;1;9394045944;S
20240116;101307;2988.000000000;5;9394045945;B
20240116;101307;2987.500000000;1;9394045946;B
20240116;101307;2986.500000000;8;9394045952;S
20240116;101307;2987.000000000;50;9394045976;B
20240116;101307;2986.500000000;1;9394045977;S
20240116;101307;2987.000000000;1;9394045979;B
20240116;101307;2986.500000000;7;9394045980;S
20240116;101307;2986.500000000;9;9394045988;S
20240116;101307;2986.000000000;2;9394045990;B
20240116;101307;2985.500000000;33;9394046002;S
20240116;101307;2985.500000000;20;9394046003;S
20240116;101307;2986.000000000;29;9394046011;B
20240116;101307;2986.000000000;21;9394046012;B
20240116;101307;2986.500000000;10;9394046026;B
20240116;101307;2986.000000000;33;9394046028;S
20240116;101307;2985.500000000;64;9394046029;S
20240116;101307;2985.000000000;25;9394046030;S
20240116;101307;2985.000000000;1;9394046031;S
20240116;101307;2985.000000000;3;9394046032;S
20240116;101307;2985.000000000;10;9394046033;S
20240116;101307;2985.000000000;50;9394046034;S
20240116;101307;2985.000000000;14;9394046035;S
20240116;101308;2985.500000000;50;9394046039;B
20240116;101308;2984.500000000;1;9394046040;S
20240116;101308;2984.500000000;2;9394046041;S
20240116;101308;2984.500000000;33;9394046042;S
20240116;101308;2984.500000000;15;9394046043;S
20240116;101308;2984.500000000;4;9394046049;S
20240116;101308;2984.500000000;29;9394046059;S
20240116;101308;2984.000000000;30;9394046060;S
20240116;101308;2986.000000000;50;9394046071;B
20240116;101308;2984.000000000;1;9394046098;S
20240116;101308;2985.500000000;50;9394046105;B
20240116;101308;2985.000000000;1;9394046114;B
20240116;101308;2984.000000000;19;9394046115;S
20240116;101308;2984.000000000;1;9394046116;S
20240116;101308;2985.000000000;28;9394046152;B
20240116;101308;2985.000000000;22;9394046153;B
20240116;101308;2985.000000000;20;9394046166;B
20240116;101308;2985.500000000;50;9394046177;B
20240116;101308;2985.000000000;15;9394046184;B
20240116;101308;2985.500000000;83;9394046194;B
20240116;101308;2986.000000000;17;9394046195;B
20240116;101308;2986.500000000;1;9394046207;B
20240116;101308;2986.500000000;6;9394046226;B
20240116;101308;2987.000000000;14;9394046227;B
20240116;101308;2985.000000000;25;9394046228;S
20240116;101308;2984.500000000;1;9394046229;S
20240116;101308;2984.000000000;24;9394046230;S
20240116;101308;2984.500000000;4;9394046231;S
20240116;101308;2987.000000000;1;9394046232;B
20240116;101308;2984.500000000;10;9394046237;S
20240116;101308;2987.000000000;83;9394046239;B
20240116;101308;2987.500000000;8;9394046240;B
20240116;101308;2987.500000000;30;9394046241;B
20240116;101308;2988.000000000;5;9394046242;B
20240116;101308;2988.000000000;10;9394046243;B
20240116;101308;2988.000000000;64;9394046244;B
20240116;101308;2985.000000000;1;9394046245;S
20240116;101308;2988.000000000;38;9394046252;B
20240116;101308;2985.000000000;2;9394046257;S
20240116;101308;2985.000000000;23;9394046258;S
20240116;101308;2984.500000000;19;9394046259;S
20240116;101308;2984.500000000;38;9394046260;S
20240116;101308;2984.500000000;619;9394046261;B
20240116;101308;2987.500000000;4;9394046271;B
20240116;101308;2984.500000000;1;9394046279;S
20240116;101308;2987.500000000;16;9394046283;B
20240116;101308;2987.000000000;1;9394046289;B
20240116;101308;2987.000000000;3;9394046291;B
20240116;101308;2987.000000000;1;9394046294;B
20240116;101308;2987.000000000;4;9394046295;B
20240116;101308;2985.000000000;1;9394046296;S
20240116;101308;2984.500000000;32;9394046297;S
20240116;101308;2984.500000000;7;9394046298;S
20240116;101308;2987.000000000;1;9394046301;B
20240116;101308;2984.500000000;2;9394046302;S
20240116;101308;2987.000000000;4;9394046305;B
20240116;101308;2984.500000000;33;9394046306;S
20240116;101308;2984.500000000;200;9394046307;S
20240116;101308;2984.000000000;47;9394046308;S
20240116;101308;2984.000000000;26;9394046309;S
20240116;101308;2983.500000000;180;9394046310;S
20240116;101308;2984.500000000;33;9394046311;S
20240116;101308;2984.000000000;17;9394046312;S
20240116;101308;2984.000000000;1;9394046319;S
20240116;101308;2986.000000000;45;9394046331;B
20240116;101308;2984.000000000;6;9394046335;S
20240116;101308;2984.000000000;33;9394046336;S
20240116;101308;2983.500000000;261;9394046337;S
20240116;101308;2986.000000000;1;9394046338;B
20240116;101308;2986.000000000;4;9394046344;B
20240116;101308;2984.000000000;8;9394046350;S
20240116;101308;2983.500000000;32;9394046351;S
20240116;101308;2983.500000000;12;9394046402;S
20240116;101308;2983.500000000;15;9394046406;S
20240116;101308;2983.500000000;7;9394046407;S
20240116;101308;2983.500000000;2;9394046408;S
20240116;101308;2983.500000000;60;9394046414;S
20240116;101308;2983.500000000;1;9394046415;S
20240116;101308;2985.500000000;3;9394046418;B
20240116;101308;2985.500000000;5;9394046421;B
20240116;101308;2983.500000000;18;9394046429;S
20240116;101308;2983.500000000;7;9394046430;S
20240116;101308;2983.500000000;1;9394046431;S
20240116;101308;2984.500000000;1;9394046435;B
20240116;101308;2985.000000000;25;9394046436;B
20240116;101308;2983.500000000;1;9394046439;S
20240116;101308;2985.000000000;2;9394046440;B
20240116;101308;2983.500000000;22;9394046452;S
20240116;101309;2985.000000000;3;9394046460;B
20240116;101309;2985.500000000;33;9394046461;B
20240116;101309;2986.000000000;83;9394046462;B
20240116;101309;2986.000000000;1;9394046464;S
20240116;101309;2986.000000000;1;9394046465;S
20240116;101309;2986.000000000;90;9394046466;S
20240116;101309;2986.000000000;3;9394046468;S
20240116;101309;2986.500000000;25;9394046469;B
20240116;101309;2986.000000000;10;9394046490;S
20240116;101309;2986.000000000;1;9394046496;S
20240116;101309;2986.000000000;37;9394046500;S
20240116;101309;2986.000000000;1;9394046502;S
20240116;101309;2986.000000000;9;9394046508;S
20240116;101309;2986.000000000;228;9394046509;S
20240116;101309;2986.000000000;72;9394046510;S
20240116;101309;2986.000000000;20;9394046512;S
20240116;101309;2986.500000000;1;9394046515;B
20240116;101309;2986.500000000;83;9394046516;B
20240116;101309;2986.500000000;33;9394046517;B
20240116;101309;2986.500000000;48;9394046520;S
20240116;101309;2987.000000000;8;9394046529;B
20240116;101309;2987.000000000;30;9394046530;B
20240116;101309;2987.500000000;62;9394046531;B
20240116;101309;2987.500000000;15;9394046570;B
20240116;101309;2988.000000000;185;9394046571;B
20240116;101309;2988.500000000;75;9394046572;B
20240116;101309;2988.500000000;25;9394046600;B
20240116;101309;2988.500000000;1;9394046601;B
20240116;101309;2989.000000000;3;9394046602;B
20240116;101309;2989.000000000;71;9394046603;B
20240116;101310;2989.500000000;1;9394046742;B
20240116;101310;2989.500000000;7;9394046748;B
20240116;101310;2990.000000000;1;9394046749;B
20240116;101310;2989.500000000;4;9394046793;B
20240116;101310;2990.000000000;3;9394046794;B
20240116;101310;2990.000000000;10;9394046795;B
20240116;101310;2990.000000000;6;9394046796;B
20240116;101310;2990.000000000;1;9394046797;B
20240116;101310;2990.000000000;6;9394046798;B
20240116;101310;2990.000000000;1;9394046799;B
20240116;101310;2990.000000000;29;9394046800;B
20240116;101310;2989.000000000;1;9394046802;S
20240116;101310;2989.500000000;2;9394046874;B
20240116;101310;2990.000000000;3;9394046875;B
20240116;101310;2989.500000000;5;9394046900;B
20240116;101310;2989.500000000;5;9394046933;B
20240116;101310;2989.500000000;50;9394046948;B
20240116;101310;2989.500000000;23;9394046949;B
20240116;101310;2989.500000000;16;9394046950;B
20240116;101311;2989.500000000;30;9394047023;B
20240116;101311;2989.500000000;5;9394047050;B
20240116;101311;2989.500000000;1;9394047137;B
20240116;101312;2989.500000000;1;9394047349;B
20240116;101312;2989.500000000;1;9394047359;B
20240116;101314;2989.500000000;46;9394047778;B
20240116;101314;2989.500000000;1;9394047779;B
20240116;101314;2989.500000000;40;9394047780;B
20240116;101314;2989.500000000;31;9394047781;B
20240116;101314;2989.500000000;83;9394047782;B
20240116;101314;2990.000000000;19;9394047783;B
20240116;101314;2989.000000000;9;9394047801;S
20240116;101314;2989.000000000;2;9394047802;S
20240116;101314;2989.000000000;10;9394047803;S
20240116;101314;2989.000000000;1;9394047804;S
20240116;101314;2987.500000000;20;9394047805;S
20240116;101315;2987.000000000;33;9394048077;S
20240116;101315;2986.500000000;50;9394048078;S
20240116;101315;2986.000000000;17;9394048079;S
20240116;101315;2986.000000000;3;9394048098;S
20240116;101315;2986.000000000;30;9394048099;S
20240116;101315;2986.000000000;26;9394048100;S
20240116;101315;2985.500000000;1;9394048101;S
20240116;101315;2985.000000000;5;9394048102;S
20240116;101315;2985.000000000;3;9394048103;S
20240116;101315;2984.500000000;5;9394048104;S
20240116;101315;2984.500000000;26;9394048105;S
20240116;101315;2984.500000000;4;9394048106;S
20240116;101315;2983.500000000;33;9394048185;S
20240116;101315;2983.000000000;59;9394048186;S
20240116;101316;2983.000000000;1;9394048424;S
20240116;101316;2983.000000000;1;9394048425;S
20240116;101316;2982.500000000;1;9394048426;S
20240116;101316;2982.500000000;7;9394048427;S
20240116;101316;2982.500000000;3;9394048440;S
20240116;101316;2982.500000000;10;9394048455;S
20240116;101316;2982.500000000;10;9394048471;S
20240116;101316;2982.000000000;4;9394048472;S
20240116;101316;2982.000000000;1;9394048473;S
20240116;101316;2982.000000000;15;9394048474;S
20240116;101316;2982.000000000;414;9394048495;S
20240116;101316;2982.000000000;257;9394048518;S
20240116;101316;2983.500000000;1;9394048570;B
20240116;101317;2982.500000000;5;9394048587;S
20240116;101317;2982.000000000;3;9394048588;S
20240116;101317;2982.000000000;1;9394048589;S
20240116;101317;2982.000000000;32;9394048590;S
20240116;101317;2981.500000000;8;9394048591;S
20240116;101317;2981.000000000;1;9394048592;S
20240116;101317;2981.000000000;72;9394048593;S
20240116;101317;2980.500000000;26;9394048594;S
20240116;101317;2980.500000000;47;9394048595;B
20240116;101317;2983.500000000;3;9394048600;B
20240116;101317;2981.000000000;438;9394048601;B
20240116;101317;2980.500000000;11;9394048623;S
20240116;101317;2980.000000000;3;9394048624;S
20240116;101317;2980.000000000;3;9394048625;S
20240116;101317;2980.000000000;1;9394048626;S
20240116;101317;2980.000000000;9;9394048627;S
20240116;101317;2980.000000000;10;9394048628;S
20240116;101317;2980.000000000;1;9394048629;S
20240116;101317;2980.000000000;2;9394048630;S
20240116;101317;2980.000000000;1;9394048631;S
20240116;101317;2980.000000000;1;9394048632;S
20240116;101317;2980.000000000;33;9394048633;S
20240116;101317;2980.000000000;17;9394048642;S
20240116;101317;2980.000000000;83;9394048643;S
20240116;101317;2980.000000000;41;9394048644;S
20240116;101317;2980.000000000;5;9394048645;S
20240116;101317;2980.000000000;5;9394048646;S
20240116;101317;2979.500000000;2;9394048647;S
20240116;101317;2980.000000000;40;9394048678;B
20240116;101317;2980.000000000;3;9394048680;B
20240116;101317;2980.000000000;2;9394048681;S
20240116;101317;2980.000000000;2;9394048684;S
20240116;101317;2979.500000000;67;9394048685;S
20240116;101317;2980.000000000;5;9394048687;B
20240116;101317;2979.500000000;75;9394048691;S
20240116;101317;2979.500000000;8;9394048692;S
20240116;101317;2979.000000000;6;9394048693;S
20240116;101317;2979.000000000;2;9394048694;S
20240116;101317;2979.000000000;23;9394048695;S
20240116;101317;2979.000000000;4;9394048698;S
20240116;101317;2979.000000000;12;9394048699;S
20240116;101317;2979.000000000;10;9394048700;S
20240116;101317;2979.000000000;3;9394048701;S
20240116;101317;2979.000000000;10;9394048707;S
20240116;101317;2982.000000000;1;9394048715;B
20240116;101317;2979.000000000;5;9394048716;S
20240116;101317;2982.000000000;1;9394048717;B
20240116;101317;2979.000000000;33;9394048718;S
20240116;101317;2978.500000000;26;9394048719;S
20240116;101317;2978.500000000;29;9394048720;S
20240116;101317;2978.500000000;3;9394048723;S
20240116;101317;2981.000000000;26;9394048726;B
20240116;101317;2981.500000000;30;9394048727;B
20240116;101317;2981.500000000;100;9394048728;B
20240116;101317;2981.500000000;17;9394048739;S
20240116;101317;2978.500000000;8;9394048741;S
20240116;101317;2978.500000000;2;9394048742;S
20240116;101317;2980.000000000;1;9394048743;B
20240116;101317;2978.500000000;6;9394048752;S
20240116;101317;2978.500000000;49;9394048753;S
20240116;101317;2978.500000000;51;9394048754;S
20240116;101317;2980.000000000;12;9394048756;B
20240116;101317;2980.000000000;2;9394048757;B
20240116;101317;2980.000000000;11;9394048758;B
20240116;101317;2980.000000000;9;9394048759;B
20240116;101317;2980.000000000;2;9394048760;B
20240116;101317;2980.000000000;1;9394048761;B
20240116;101317;2979.000000000;10;9394048767;S
20240116;101317;2979.000000000;2;9394048770;S
20240116;101317;2980.000000000;20;9394048772;B
20240116;101317;2980.000000000;15;9394048773;B
20240116;101317;2980.000000000;3;9394048776;B
20240116;101317;2980.000000000;2;9394048777;B
20240116;101317;2979.000000000;15;9394048781;S
20240116;101318;2979.000000000;1;9394048783;S
20240116;101318;2979.000000000;35;9394048785;S
20240116;101318;2979.000000000;10;9394048787;S
20240116;101318;2980.000000000;1;9394048788;B
20240116;101318;2980.000000000;3;9394048789;B
20240116;101318;2980.000000000;1;9394048790;B
20240116;101318;2980.000000000;2;9394048803;B
20240116;101318;2980.000000000;10;9394048834;S
20240116;101318;2980.000000000;2;9394048850;S
20240116;101318;2980.500000000;84;9394048855;S
20240116;101318;2980.500000000;200;9394048860;S
20240116;101318;2983.000000000;1;9394048968;B
20240116;101318;2982.000000000;5;9394048981;S
20240116;101319;2984.000000000;1;9394048998;B
20240116;101319;2984.500000000;100;9394049068;B
20240116;101319;2985.000000000;6;9394049108;S
20240116;101319;2985.000000000;60;9394049114;B
20240116;101320;2984.500000000;30;9394049279;S
20240116;101320;2985.000000000;99;9394049290;B
20240116;101320;2985.500000000;1;9394049291;B
20240116;101320;2985.500000000;1;9394049434;B
20240116;101320;2984.500000000;100;9394049443;S
20240116;101321;2985.500000000;20;9394049511;B
20240116;101321;2986.500000000;26;9394049512;B
20240116;101321;2986.500000000;4;9394049513;B
20240116;101321;2987.000000000;27;9394049514;B
20240116;101321;2987.500000000;3;9394049515;B
20240116;101321;2987.000000000;50;9394049713;S
20240116;101321;2987.000000000;10;9394049714;S
20240116;101322;2987.000000000;45;9394049771;S
20240116;101322;2987.500000000;50;9394049783;B
20240116;101322;2987.500000000;10;9394049893;B
20240116;101322;2987.000000000;1;9394049899;S
20240116;101322;2987.000000000;5;9394049900;S
20240116;101322;2987.000000000;17;9394049955;S
20240116;101322;2987.500000000;37;9394050032;B
20240116;101322;2987.500000000;13;9394050033;B
20240116;101323;2987.500000000;17;9394050193;B
20240116;101323;2987.500000000;30;9394050194;B
20240116;101323;2987.500000000;60;9394050195;S
20240116;101323;2987.500000000;11;9394050203;S
20240116;101326;2988.500000000;3;9394051107;S
20240116;101327;2989.000000000;6;9394051196;B
20240116;101327;2989.000000000;25;9394051197;B
20240116;101327;2989.500000000;14;9394051198;B
20240116;101327;2989.500000000;26;9394051199;B
20240116;101327;2990.000000000;28;9394051200;B
20240116;101327;2990.000000000;1;9394051201;B
20240116;101327;2989.500000000;26;9394051289;B
20240116;101327;2989.500000000;30;9394051290;B
20240116;101327;2990.000000000;3;9394051291;B
20240116;101327;2990.000000000;18;9394051292;B
20240116;101327;2990.000000000;23;9394051293;B
20240116;101328;2988.500000000;17;9394051373;S
20240116;101328;2988.500000000;50;9394051374;S
20240116;101328;2988.000000000;1;9394051375;S
20240116;101328;2988.000000000;1;9394051376;S
20240116;101328;2988.000000000;6;9394051377;S
20240116;101328;2987.500000000;82;9394051378;S
20240116;101328;2987.500000000;20;9394051379;S
20240116;101328;2987.500000000;9;9394051380;S
20240116;101328;2987.500000000;4;9394051381;S
20240116;101328;2987.000000000;110;9394051382;S
20240116;101330;2989.000000000;1;9394051987;B
20240116;101331;2987.500000000;1;9394052410;S
20240116;101331;2989.000000000;2;9394052420;B
20240116;101332;2989.000000000;1;9394052580;B
20240116;101332;2989.000000000;6;9394052581;B
