<DATE>;<TIME>;<LAST>;<VOL>;<ID>;<OPER>
20240201;095958;2917.000000000;1;9500984354;S
20240201;095958;2917.000000000;2;9500984355;S
20240201;095958;2917.000000000;25;9500984356;B
20240201;095958;2917.000000000;1;9500984357;B
20240201;095958;2917.000000000;2;9500984358;B
20240201;095958;2917.000000000;19;9500984359;B
20240201;095958;2917.000000000;1;9500984360;S
20240201;095958;2917.000000000;1;9500984361;S
20240201;095958;2917.000000000;4;9500984362;S
20240201;095958;2917.000000000;1;9500984363;B
20240201;095958;2917.000000000;1;9500984364;B
20240201;095958;2917.000000000;10;9500984365;B
20240201;095958;2917.000000000;1;9500984366;B
20240201;095958;2917.000000000;3;9500984367;S
20240201;095958;2917.000000000;1;9500984368;B
20240201;095958;2917.000000000;1;9500984369;B
20240201;095958;2917.000000000;5;9500984370;B
20240201;095958;2917.000000000;1;9500984371;B
20240201;095958;2917.000000000;3;9500984372;B
20240201;095958;2917.000000000;1;9500984373;S
20240201;095958;2917.000000000;1;9500984374;S
20240201;095958;2917.000000000;1;9500984375;B
20240201;095958;2917.000000000;18;9500984376;B
20240201;095958;2917.000000000;2;9500984377;B
20240201;095958;2917.000000000;5;9500984378;B
20240201;095958;2917.000000000;11;9500984379;S
20240201;095958;2917.000000000;1;9500984380;S
20240201;095958;2917.000000000;1;9500984381;S
20240201;095958;2917.000000000;25;9500984382;S
20240201;095958;2917.000000000;5;9500984383;B
20240201;095958;2917.000000000;1;9500984384;B
20240201;095958;2917.000000000;15;9500984385;B
20240201;100000;2913.500000000;1;9500984585;S
20240201;100000;2913.000000000;1;9500984660;S
20240201;100000;2913.000000000;9;9500984661;S
20240201;100000;2913.500000000;4;9500985047;B
20240201;100000;2913.500000000;3;9500985421;B
20240201;100001;2913.500000000;1;9500985535;B
20240201;100002;2913.000000000;25;9500986351;S
20240201;100002;2913.000000000;2;9500986480;B
20240201;100004;2912.500000000;1;9500988058;S
20240201;100005;2913.000000000;1;9500988590;B
20240201;100005;2912.000000000;3;9500989336;S
20240201;100005;2912.000000000;7;9500989337;S
20240201;100005;2912.000000000;1;9500989783;S
20240201;100005;2912.000000000;10;9500989871;S
20240201;100006;2913.000000000;1;9500990105;B
20240201;100006;2913.000000000;20;9500990478;B
20240201;100006;2913.000000000;1;9500990614;B
20240201;100007;2912.000000000;25;9500990776;S
20240201;100007;2913.000000000;8;9500990871;B
20240201;100007;2913.000000000;35;9500990872;B
20240201;100007;2913.500000000;41;9500990873;B
20240201;100007;2913.500000000;50;9500990874;B
20240201;100007;2913.500000000;20;9500990875;B
20240201;100007;2913.500000000;10;9500990876;B
20240201;100007;2913.500000000;40;9500990877;B
20240201;100007;2913.500000000;10;9500990878;B
20240201;100007;2913.500000000;40;9500990879;B
20240201;100007;2913.500000000;46;9500990880;B
20240201;100010;2913.500000000;1;9500992033;B
20240201;100010;2913.500000000;3;9500992083;B
20240201;100011;2913.500000000;33;9500992334;B
20240201;100011;2913.500000000;1;9500992378;B
20240201;100011;2912.500000000;35;9500992391;S
20240201;100011;2912.000000000;5;9500992392;S
20240201;100011;2913.500000000;16;9500992511;B
20240201;100011;2914.000000000;9;9500992512;B
20240201;100011;2914.500000000;28;9500992513;B
20240201;100011;2914.500000000;2;9500992562;B
20240201;100011;2912.000000000;5;9500992654;S
20240201;100015;2915.000000000;14;9500993384;B
20240201;100015;2912.500000000;2;9500993418;S
20240201;100015;2912.500000000;48;9500993419;S
20240201;100020;2915.000000000;1;9500994392;B
20240201;100020;2915.000000000;1;9500994393;B
20240201;100020;2915.000000000;85;9500994394;B
20240201;100020;2915.500000000;27;9500994395;B
20240201;100020;2915.500000000;48;9500994396;B
20240201;100020;2916.000000000;60;9500994397;B
20240201;100020;2916.500000000;400;9500994398;B
20240201;100020;2916.500000000;8;9500994399;B
20240201;100020;2917.000000000;29;9500994400;B
20240201;100020;2917.000000000;125;9500994401;B
20240201;100020;2917.500000000;3;9500994402;B
20240201;100020;2918.000000000;6;9500994403;B
20240201;100020;2918.500000000;25;9500994404;B
20240201;100020;2918.500000000;27;9500994405;B
20240201;100020;2918.500000000;35;9500994406;B
20240201;100020;2919.000000000;1;9500994407;B
20240201;100020;2919.000000000;50;9500994408;B
20240201;100020;2919.000000000;10;9500994409;B
20240201;100020;2919.000000000;2;9500994410;B
20240201;100020;2919.000000000;1;9500994411;B
20240201;100020;2919.000000000;30;9500994412;B
20240201;100020;2919.000000000;1;9500994413;B
20240201;100020;2919.000000000;25;9500994414;B
20240201;100020;2917.000000000;27;9500994639;B
20240201;100020;2916.500000000;66;9500994696;B
20240201;100020;2916.500000000;90;9500994697;B
20240201;100020;2917.000000000;26;9500994698;B
20240201;100022;2916.500000000;1;9500994926;B
20240201;100022;2917.000000000;105;9500994927;B
20240201;100022;2917.500000000;85;9500994928;B
20240201;100022;2918.500000000;27;9500994929;B
20240201;100022;2918.500000000;52;9500994930;B
20240201;100022;2918.500000000;40;9500994931;B
20240201;100022;2919.000000000;337;9500994932;B
20240201;100022;2919.000000000;1;9500994933;B
20240201;100022;2919.000000000;100;9500994934;B
20240201;100022;2919.500000000;20;9500994935;B
20240201;100022;2919.500000000;11;9500994936;B
20240201;100022;2919.500000000;221;9500994937;B
20240201;100022;2915.000000000;10;9500994938;S
20240201;100022;2916.000000000;25;9500994941;S
20240201;100022;2913.500000000;25;9500994978;S
20240201;100022;2915.000000000;75;9500995008;S
20240201;100022;2914.500000000;5;9500995009;S
20240201;100023;2917.500000000;15;9500995155;B
20240201;100024;2917.500000000;89;9500995272;B
20240201;100024;2917.500000000;35;9500995273;B
20240201;100024;2918.000000000;126;9500995274;B
20240201;100024;2918.500000000;27;9500995275;B
20240201;100024;2919.000000000;85;9500995276;B
20240201;100024;2919.500000000;347;9500995277;B
20240201;100024;2919.500000000;5;9500995278;B
20240201;100024;2919.500000000;5;9500995279;B
20240201;100024;2920.000000000;17;9500995280;B
20240201;100024;2920.000000000;7;9500995281;B
20240201;100024;2920.000000000;30;9500995282;B
20240201;100024;2920.000000000;15;9500995283;B
20240201;100024;2921.000000000;1;9500995284;B
20240201;100024;2921.500000000;211;9500995285;B
20240201;100024;2916.000000000;27;9500995286;S
20240201;100024;2916.000000000;23;9500995287;S
20240201;100024;2916.000000000;20;9500995288;S
20240201;100024;2920.500000000;1;9500995321;B
20240201;100024;2916.500000000;8;9500995339;S
20240201;100024;2916.000000000;10;9500995340;S
20240201;100024;2916.500000000;2;9500995341;B
20240201;100024;2917.000000000;10;9500995342;S
20240201;100024;2916.500000000;10;9500995343;S
20240201;100025;2917.000000000;2;9500995568;B
20240201;100025;2916.500000000;75;9500995601;S
20240201;100025;2916.000000000;94;9500995602;S
20240201;100025;2914.500000000;27;9500995603;S
20240201;100025;2914.000000000;6;9500995604;S
20240201;100025;2913.500000000;88;9500995605;S
20240201;100025;2914.000000000;8;9500995606;S
20240201;100026;2917.500000000;104;9500995689;B
20240201;100026;2917.500000000;27;9500995690;B
20240201;100026;2918.500000000;35;9500995691;B
20240201;100026;2919.000000000;80;9500995692;B
20240201;100026;2919.500000000;8;9500995693;B
20240201;100026;2919.500000000;117;9500995694;B
20240201;100026;2920.000000000;50;9500995695;B
20240201;100026;2920.000000000;1;9500995696;B
20240201;100026;2920.000000000;10;9500995697;B
20240201;100026;2920.000000000;85;9500995698;B
20240201;100026;2920.500000000;27;9500995699;B
20240201;100026;2920.500000000;6;9500995700;B
20240201;100026;2921.000000000;50;9500995701;B
20240201;100026;2921.500000000;96;9500995702;B
20240201;100026;2922.000000000;27;9500995703;B
20240201;100026;2922.500000000;3;9500995704;B
20240201;100026;2923.000000000;2;9500995705;B
20240201;100026;2923.500000000;1;9500995706;B
20240201;100026;2923.500000000;2;9500995707;B
20240201;100026;2923.500000000;269;9500995708;B
20240201;100026;2918.000000000;10;9500995735;S
20240201;100026;2918.000000000;10;9500995736;S
20240201;100026;2918.000000000;7;9500995737;S
20240201;100026;2918.000000000;33;9500995738;B
20240201;100026;2918.500000000;10;9500995739;S
20240201;100026;2918.000000000;10;9500995740;S
20240201;100028;2921.500000000;10;9500996347;B
20240201;100028;2921.500000000;35;9500996348;B
20240201;100028;2922.000000000;2;9500996349;B
20240201;100028;2922.000000000;114;9500996350;B
20240201;100028;2922.500000000;27;9500996351;B
20240201;100028;2924.000000000;85;9500996352;B
20240201;100028;2924.500000000;2;9500996353;B
20240201;100028;2924.500000000;5;9500996354;B
20240201;100028;2924.500000000;30;9500996355;B
20240201;100028;2925.000000000;2;9500996356;B
20240201;100028;2925.000000000;9;9500996357;B
20240201;100028;2925.000000000;9;9500996358;B
20240201;100028;2925.000000000;50;9500996359;B
20240201;100028;2925.000000000;20;9500996360;B
20240201;100028;2925.000000000;5;9500996361;B
20240201;100028;2925.500000000;2;9500996362;B
20240201;100028;2925.500000000;27;9500996363;B
20240201;100028;2926.000000000;2;9500996364;B
20240201;100028;2926.000000000;3;9500996365;B
20240201;100028;2926.000000000;1;9500996366;B
20240201;100028;2926.000000000;2;9500996367;B
20240201;100028;2926.000000000;20;9500996368;B
20240201;100028;2926.000000000;18;9500996369;B
20240201;100028;2926.000000000;50;9500996370;B
20240201;100028;2926.500000000;2;9500996371;B
20240201;100028;2926.500000000;100;9500996372;B
20240201;100028;2927.000000000;300;9500996373;B
20240201;100028;2927.000000000;2;9500996374;B
20240201;100028;2927.000000000;3;9500996375;B
20240201;100028;2927.500000000;2;9500996376;B
20240201;100028;2927.500000000;3;9500996377;B
20240201;100028;2927.500000000;27;9500996378;S
20240201;100028;2927.500000000;10;9500996379;S
20240201;100028;2927.500000000;10;9500996380;S
20240201;100028;2927.500000000;11;9500996381;S
20240201;100028;2922.500000000;89;9500996385;B
20240201;100028;2922.500000000;100;9500996386;B
20240201;100028;2918.500000000;10;9500996387;S
20240201;100028;2918.500000000;10;9500996388;S
20240201;100028;2918.500000000;7;9500996389;S
20240201;100028;2918.500000000;3;9500996390;S
20240201;100028;2919.000000000;10;9500996391;S
20240201;100028;2919.000000000;30;9500996392;S
20240201;100028;2919.500000000;27;9500996393;S
20240201;100028;2919.500000000;23;9500996394;S
20240201;100028;2919.500000000;40;9500996395;S
20240201;100028;2919.500000000;10;9500996396;S
20240201;100029;2922.500000000;1;9500996468;B
20240201;100032;2922.000000000;7;9500997152;B
20240201;100033;2920.000000000;85;9500997188;S
20240201;100033;2920.000000000;27;9500997189;S
20240201;100033;2919.500000000;8;9500997190;S
20240201;100033;2919.000000000;50;9500997191;S
20240201;100033;2919.000000000;10;9500997192;S
20240201;100033;2917.500000000;23;9500997193;S
20240201;100033;2922.000000000;1;9500997203;B
20240201;100037;2921.500000000;2;9500997987;B
20240201;100038;2919.500000000;1;9500998229;S
20240201;100039;2917.000000000;1;9500998354;S
20240201;100039;2920.500000000;1;9500998367;B
20240201;100040;2917.000000000;1;9500998625;S
20240201;100042;2919.500000000;1;9500998799;B
20240201;100042;2920.000000000;10;9500998800;B
20240201;100042;2920.500000000;19;9500998801;B
20240201;100045;2921.000000000;11;9500999618;B
20240201;100046;2921.000000000;2;9500999810;B
20240201;100050;2920.500000000;2;9501000578;S
20240201;100052;2920.500000000;83;9501001083;S
20240201;100052;2920.000000000;1;9501001084;S
20240201;100052;2920.000000000;150;9501001085;S
20240201;100052;2920.000000000;50;9501001086;B
20240201;100052;2919.500000000;2;9501001088;B
20240201;100054;2919.000000000;6;9501001576;B
20240201;100054;2919.500000000;1;9501001577;B
20240201;100055;2916.500000000;6;9501001989;S
20240201;100058;2916.500000000;15;9501002686;S
20240201;100059;2919.000000000;20;9501002987;B
20240201;100106;2918.500000000;2;9501004153;B
20240201;100106;2917.000000000;3;9501004214;S
20240201;100106;2916.500000000;1;9501004256;S
20240201;100106;2916.500000000;1;9501004257;S
20240201;100110;2918.500000000;6;9501005000;B
20240201;100113;2915.500000000;25;9501005401;S
20240201;100118;2915.500000000;85;9501006187;S
20240201;100118;2915.000000000;6;9501006298;S
20240201;100119;2915.500000000;3;9501006528;B
20240201;100126;2915.000000000;1;9501007868;S
20240201;100126;2915.000000000;99;9501007869;S
20240201;100130;2915.500000000;17;9501009157;B
20240201;100132;2915.500000000;10;9501009683;B
20240201;100132;2915.000000000;1;9501009696;S
20240201;100134;2915.000000000;10;9501009978;B
20240201;100134;2915.000000000;1;9501009998;S
20240201;100134;2915.000000000;1;9501009999;S
20240201;100134;2915.000000000;10;9501010120;S
20240201;100135;2915.500000000;2;9501010160;B
20240201;100135;2915.500000000;10;9501010212;B
20240201;100138;2915.000000000;1;9501010795;S
20240201;100140;2915.500000000;15;9501010948;B
20240201;100140;2915.500000000;15;9501010949;B
20240201;100140;2915.500000000;1;9501011017;B
20240201;100140;2915.500000000;16;9501011018;B
20240201;100140;2917.500000000;17;9501011019;B
20240201;100140;2917.500000000;10;9501011020;B
20240201;100143;2916.000000000;1;9501011494;S
20240201;100143;2916.000000000;2;9501011495;S
20240201;100148;2918.000000000;35;9501012145;B
20240201;100148;2918.500000000;1;9501012146;B
20240201;100148;2918.500000000;27;9501012147;B
20240201;100148;2918.500000000;41;9501012148;B
20240201;100148;2919.500000000;3;9501012149;B
20240201;100148;2920.000000000;23;9501012150;B
20240201;100151;2919.500000000;1;9501012577;B
20240201;100206;2916.000000000;2;9501015112;S
20240201;100206;2916.000000000;30;9501015113;S
20240201;100207;2916.000000000;6;9501015233;S
20240201;100210;2917.000000000;1;9501015700;B
20240201;100213;2917.000000000;26;9501016338;B
20240201;100213;2917.000000000;1;9501016339;B
20240201;100213;2917.500000000;40;9501016340;B
20240201;100213;2918.000000000;33;9501016341;B
20240201;100226;2916.000000000;15;9501018683;S
20240201;100227;2917.500000000;1;9501018785;B
20240201;100238;2917.500000000;2;9501020755;B
20240201;100251;2917.500000000;24;9501022480;B
20240201;100257;2917.000000000;9;9501023289;S
20240201;100257;2917.000000000;30;9501023290;S
20240201;100257;2916.500000000;7;9501023291;S
20240201;100257;2916.000000000;24;9501023292;S
20240201;100300;2916.000000000;1;9501023779;B
20240201;100301;2915.500000000;2;9501023790;S
20240201;100301;2915.500000000;1;9501023820;S
20240201;100301;2915.500000000;8;9501023821;S
20240201;100307;2915.500000000;67;9501024618;S
20240201;100307;2915.500000000;10;9501024619;S
20240201;100307;2915.500000000;15;9501024620;S
20240201;100307;2915.500000000;9;9501024621;S
20240201;100307;2915.500000000;50;9501024622;S
20240201;100307;2915.000000000;250;9501024623;S
20240201;100307;2915.000000000;3;9501024624;S
20240201;100307;2915.000000000;20;9501024625;B
20240201;100312;2915.000000000;10;9501025277;B
20240201;100320;2915.000000000;15;9501027371;B
20240201;100322;2915.500000000;7;9501027725;S
20240201;100322;2915.500000000;13;9501027726;B
20240201;100324;2916.000000000;2;9501027999;B
20240201;100325;2916.000000000;6;9501028133;B
20240201;100327;2916.000000000;1;9501028616;B
20240201;100327;2916.000000000;1;9501028636;B
20240201;100328;2916.000000000;2;9501028693;B
20240201;100330;2916.000000000;1;9501028957;B
20240201;100330;2915.500000000;1;9501028960;S
20240201;100332;2916.000000000;1;9501029218;B
20240201;100334;2916.000000000;1;9501029545;B
20240201;100337;2916.000000000;4;9501029860;B
20240201;100339;2915.500000000;1;9501030241;S
20240201;100340;2916.000000000;298;9501030482;B
20240201;100340;2916.000000000;50;9501030483;B
20240201;100340;2916.000000000;20;9501030484;B
20240201;100340;2916.500000000;20;9501030485;B
20240201;100344;2916.000000000;32;9501030998;S
20240201;100344;2916.000000000;4;9501030999;S
20240201;100348;2916.500000000;27;9501032215;B
20240201;100348;2916.500000000;27;9501032219;S
20240201;100348;2917.000000000;20;9501032220;B
20240201;100348;2917.500000000;1;9501032231;B
20240201;100349;2918.000000000;7;9501032250;B
20240201;100349;2918.000000000;21;9501032251;B
20240201;100349;2918.500000000;3;9501032252;B
20240201;100349;2918.500000000;20;9501032253;B
20240201;100350;2918.500000000;6;9501032541;B
20240201;100352;2917.000000000;1;9501033491;S
20240201;100352;2917.000000000;1;9501033524;S
20240201;100352;2917.000000000;1;9501033569;S
20240201;100352;2917.000000000;4;9501033606;S
20240201;100352;2917.000000000;1;9501033638;S
20240201;100352;2917.000000000;13;9501033678;S
20240201;100358;2916.000000000;1;9501034608;S
20240201;100358;2916.000000000;1;9501034609;S
20240201;100358;2916.500000000;1;9501034640;B
20240201;100358;2916.000000000;1;9501034662;S
20240201;100359;2916.000000000;3;9501034821;S
20240201;100359;2916.000000000;1;9501034856;S
20240201;100359;2915.500000000;8;9501034857;S
20240201;100401;2916.000000000;10;9501035280;B
20240201;100401;2916.000000000;10;9501035281;B
20240201;100401;2915.500000000;1;9501035320;S
20240201;100401;2915.500000000;16;9501035321;S
20240201;100406;2916.000000000;2;9501036121;B
20240201;100406;2915.500000000;9;9501036233;S
20240201;100409;2916.000000000;29;9501036671;B
20240201;100409;2916.000000000;27;9501036672;B
20240201;100409;2916.000000000;10;9501036673;B
20240201;100412;2916.000000000;7;9501037079;S
20240201;100412;2915.500000000;4;9501037080;S
20240201;100412;2916.000000000;4;9501037246;S
20240201;100413;2916.000000000;6;9501037254;S
20240201;100413;2915.500000000;2;9501037255;S
20240201;100413;2915.500000000;34;9501037256;S
20240201;100413;2915.000000000;2;9501037257;S
20240201;100413;2915.000000000;103;9501037258;S
20240201;100413;2915.000000000;3;9501037259;S
20240201;100413;2914.000000000;6;9501037458;S
20240201;100413;2914.000000000;2;9501037459;S
20240201;100415;2913.500000000;2;9501037736;S
20240201;100415;2913.500000000;1;9501037737;S
20240201;100416;2913.500000000;7;9501038087;S
20240201;100416;2913.500000000;5;9501038088;S
20240201;100418;2913.500000000;2;9501038395;S
20240201;100418;2915.500000000;2;9501038470;B
20240201;100419;2913.000000000;7;9501038633;S
20240201;100420;2913.000000000;4;9501038943;S
20240201;100421;2913.000000000;4;9501039138;S
20240201;100422;2913.000000000;6;9501039375;S
20240201;100423;2913.000000000;30;9501039504;S
20240201;100423;2913.500000000;20;9501039536;B
20240201;100423;2913.500000000;10;9501039537;B
20240201;100423;2915.500000000;10;9501039538;B
20240201;100423;2915.500000000;8;9501039539;B
20240201;100423;2915.500000000;3;9501039603;S
20240201;100424;2917.000000000;1;9501039654;B
20240201;100424;2917.000000000;10;9501039655;B
20240201;100424;2917.000000000;7;9501039656;B
20240201;100425;2917.500000000;2;9501039804;B
20240201;100425;2917.500000000;29;9501039805;B
20240201;100429;2915.500000000;1;9501040504;S
20240201;100429;2915.500000000;9;9501040505;S
20240201;100438;2916.000000000;2;9501042209;S
20240201;100440;2918.500000000;1;9501042445;B
20240201;100443;2916.000000000;8;9501042987;S
20240201;100443;2916.000000000;32;9501042988;S
20240201;100449;2915.500000000;2;9501043819;S
20240201;100453;2916.000000000;1;9501044392;S
20240201;100457;2916.000000000;3;9501045265;S
20240201;100500;2918.000000000;1;9501045722;B
20240201;100502;2916.000000000;2;9501046089;S
20240201;100502;2916.000000000;2;9501046090;S
20240201;100507;2918.000000000;1;9501046670;B
20240201;100508;2916.000000000;35;9501046928;S
20240201;100528;2918.000000000;5;9501049828;B
20240201;100531;2916.500000000;1;9501050227;S
20240201;100531;2916.500000000;1;9501050228;S
20240201;100534;2916.500000000;1;9501050670;S
20240201;100534;2917.500000000;1;9501050689;B
20240201;100538;2916.500000000;25;9501051222;S
20240201;100553;2916.500000000;3;9501053400;S
20240201;100601;2916.500000000;2;9501054552;S
20240201;100601;2916.000000000;10;9501054553;S
20240201;100601;2916.000000000;4;9501054696;S
20240201;100611;2916.000000000;1;9501056062;S
20240201;100611;2916.000000000;9;9501056063;S
20240201;100626;2916.000000000;91;9501058292;S
20240201;100626;2916.000000000;2;9501058293;S
20240201;100626;2916.000000000;70;9501058294;S
20240201;100626;2915.500000000;6;9501058295;S
20240201;100626;2915.000000000;31;9501058296;S
20240201;100633;2916.000000000;6;9501059380;B
20240201;100642;2915.000000000;15;9501061050;S
20240201;100656;2916.500000000;1;9501062803;B
20240201;100702;2915.000000000;1;9501063657;S
20240201;100707;2915.000000000;10;9501064321;S
20240201;100709;2915.000000000;1;9501064628;S
20240201;100711;2916.500000000;7;9501065033;B
20240201;100711;2916.500000000;1;9501065034;B
20240201;100711;2917.000000000;17;9501065035;B
20240201;100721;2917.000000000;4;9501066218;B
20240201;100721;2917.000000000;10;9501066219;B
20240201;100721;2917.000000000;1;9501066220;B
20240201;100721;2917.000000000;10;9501066221;B
20240201;100721;2916.000000000;3;9501066277;S
20240201;100721;2917.000000000;20;9501066366;B
20240201;100721;2917.500000000;1;9501066367;B
20240201;100723;2917.500000000;16;9501066568;S
20240201;100724;2918.000000000;1;9501066792;B
20240201;100724;2918.000000000;99;9501066808;B
20240201;100724;2918.000000000;3;9501066809;B
20240201;100724;2918.000000000;2;9501066810;B
20240201;100724;2918.000000000;46;9501066811;B
20240201;100724;2918.000000000;1;9501066812;B
20240201;100724;2918.000000000;1;9501066813;B
20240201;100724;2918.000000000;85;9501066814;B
20240201;100724;2918.000000000;6;9501066815;B
20240201;100724;2918.000000000;1;9501066816;B
20240201;100724;2918.500000000;5;9501066817;B
20240201;100724;2919.000000000;4;9501066818;B
20240201;100724;2919.000000000;27;9501066819;B
20240201;100724;2919.000000000;19;9501066820;B
20240201;100724;2919.000000000;1;9501066821;B
20240201;100724;2919.000000000;8;9501066824;B
20240201;100724;2919.000000000;22;9501066825;B
20240201;100732;2919.500000000;38;9501067811;B
20240201;100732;2919.500000000;20;9501067812;B
20240201;100732;2919.500000000;42;9501067813;B
20240201;100734;2919.500000000;250;9501068224;B
20240201;100735;2919.000000000;3;9501068414;B
20240201;100740;2917.000000000;1;9501068998;S
20240201;100743;2919.000000000;2;9501069438;B
20240201;100752;2919.000000000;25;9501071160;B
20240201;100755;2919.000000000;25;9501071608;B
20240201;100756;2919.000000000;1;9501071771;B
20240201;100757;2919.000000000;34;9501071844;B
20240201;100757;2919.000000000;10;9501071857;B
20240201;100757;2919.000000000;45;9501071858;B
20240201;100757;2919.000000000;5;9501071860;B
20240201;100757;2919.000000000;1;9501071861;B
20240201;100757;2919.500000000;3;9501071862;B
20240201;100757;2919.500000000;2;9501071863;B
20240201;100757;2919.500000000;59;9501071864;B
20240201;100757;2919.500000000;161;9501071910;B
20240201;100757;2919.500000000;5;9501071911;B
20240201;100757;2919.500000000;37;9501071912;B
20240201;100757;2919.500000000;5;9501071914;B
20240201;100757;2919.500000000;1;9501071962;B
20240201;100757;2919.500000000;5;9501071978;B
20240201;100757;2919.500000000;37;9501071997;B
20240201;100757;2919.500000000;3;9501071998;B
20240201;100757;2920.000000000;29;9501071999;B
20240201;100757;2920.000000000;5;9501072004;B
20240201;100758;2920.000000000;5;9501072029;B
20240201;100758;2920.000000000;5;9501072046;B
20240201;100758;2920.000000000;5;9501072088;B
20240201;100758;2920.000000000;424;9501072094;B
20240201;100758;2920.000000000;5;9501072119;B
20240201;100758;2920.000000000;5;9501072148;B
20240201;100758;2918.000000000;5;9501072150;S
20240201;100759;2920.000000000;500;9501072203;B
20240201;100759;2918.000000000;30;9501072207;S
20240201;100759;2917.500000000;34;9501072208;S
20240201;100759;2917.000000000;20;9501072209;S
20240201;100759;2917.000000000;14;9501072210;S
20240201;100759;2917.000000000;2;9501072211;S
20240201;100759;2920.000000000;73;9501072227;B
20240201;100759;2920.000000000;50;9501072251;B
20240201;100759;2920.000000000;50;9501072279;B
20240201;100759;2919.000000000;40;9501072337;B
20240201;100759;2919.000000000;10;9501072355;B
20240201;100759;2920.000000000;37;9501072356;B
20240201;100759;2920.000000000;3;9501072357;B
20240201;100800;2920.000000000;46;9501072488;B
20240201;100800;2920.000000000;4;9501072489;B
20240201;100800;2920.000000000;46;9501072515;B
20240201;100800;2920.000000000;100;9501072516;B
20240201;100800;2920.000000000;25;9501072517;B
20240201;100801;2920.000000000;10;9501072551;B
20240201;100801;2920.000000000;6;9501072552;B
20240201;100801;2920.000000000;16;9501072563;B
20240201;100801;2920.000000000;10;9501072653;B
20240201;100801;2920.000000000;3;9501072654;B
20240201;100801;2920.000000000;10;9501072676;B
20240201;100801;2920.000000000;17;9501072677;B
20240201;100802;2920.000000000;2;9501072690;B
20240201;100802;2920.000000000;11;9501072761;B
20240201;100802;2920.000000000;12;9501072762;B
20240201;100802;2920.000000000;20;9501072765;B
20240201;100802;2920.000000000;13;9501072766;B
20240201;100802;2920.000000000;1;9501072767;B
20240201;100802;2920.000000000;2;9501072768;B
20240201;100802;2920.000000000;2;9501072769;B
20240201;100802;2920.000000000;6;9501072770;B
20240201;100802;2920.000000000;10;9501072771;B
20240201;100802;2920.000000000;3;9501072772;B
20240201;100802;2920.000000000;25;9501072773;B
20240201;100803;2921.500000000;2;9501072897;B
20240201;100803;2921.500000000;10;9501072924;B
20240201;100803;2921.500000000;12;9501072982;B
20240201;100803;2922.000000000;10;9501073005;B
20240201;100803;2922.000000000;10;9501073032;B
20240201;100803;2921.500000000;9;9501073034;S
20240201;100804;2922.000000000;10;9501073057;B
20240201;100804;2922.000000000;27;9501073068;B
20240201;100804;2922.000000000;2;9501073087;B
20240201;100804;2922.000000000;9;9501073109;B
20240201;100804;2922.000000000;2;9501073150;B
20240201;100804;2922.000000000;10;9501073151;B
20240201;100804;2922.000000000;2;9501073234;B
20240201;100805;2922.000000000;2;9501073252;B
20240201;100805;2922.000000000;1;9501073289;B
20240201;100805;2922.000000000;3;9501073343;B
20240201;100805;2922.000000000;2;9501073418;B
20240201;100806;2921.500000000;1;9501073504;S
20240201;100806;2922.000000000;4;9501073523;B
20240201;100808;2922.000000000;5;9501073775;B
20240201;100809;2921.500000000;1;9501074029;S
20240201;100810;2922.000000000;20;9501074044;B
20240201;100811;2922.000000000;11;9501074301;B
20240201;100811;2922.000000000;20;9501074302;B
20240201;100811;2922.500000000;14;9501074303;B
20240201;100811;2922.500000000;6;9501074304;B
20240201;100811;2922.000000000;34;9501074328;S
20240201;100812;2922.000000000;2;9501074416;S
20240201;100812;2922.000000000;1;9501074417;S
20240201;100812;2922.500000000;5;9501074462;B
20240201;100812;2922.500000000;89;9501074523;B
20240201;100812;2922.500000000;33;9501074524;B
20240201;100812;2923.000000000;49;9501074525;B
20240201;100813;2923.000000000;14;9501074596;B
20240201;100814;2923.000000000;10;9501074715;B
20240201;100814;2923.000000000;57;9501074772;B
20240201;100814;2923.500000000;12;9501074773;B
20240201;100814;2924.000000000;1;9501074774;B
20240201;100814;2924.000000000;30;9501074775;B
20240201;100815;2924.000000000;35;9501074963;S
20240201;100816;2924.000000000;20;9501075024;B
20240201;100816;2924.000000000;45;9501075038;B
20240201;100816;2924.500000000;5;9501075039;B
20240201;100816;2924.500000000;15;9501075098;B
20240201;100816;2924.500000000;15;9501075099;B
20240201;100816;2924.500000000;250;9501075100;B
20240201;100816;2924.500000000;171;9501075101;B
20240201;100816;2924.500000000;49;9501075102;B
20240201;100817;2925.000000000;10;9501075151;B
20240201;100817;2925.000000000;1;9501075152;B
20240201;100817;2925.000000000;1;9501075153;B
20240201;100817;2925.000000000;8;9501075154;B
20240201;100818;2925.000000000;1;9501075227;B
20240201;100818;2925.000000000;41;9501075255;B
20240201;100818;2925.000000000;1;9501075256;B
20240201;100818;2925.000000000;50;9501075257;B
20240201;100818;2925.000000000;4;9501075258;B
20240201;100818;2925.000000000;1;9501075259;B
20240201;100818;2925.000000000;27;9501075260;B
20240201;100818;2925.000000000;11;9501075261;B
20240201;100818;2925.000000000;35;9501075262;B
20240201;100818;2925.000000000;34;9501075313;B
20240201;100819;2925.000000000;2;9501075357;S
20240201;100819;2925.500000000;20;9501075396;B
20240201;100819;2925.500000000;380;9501075397;B
20240201;100819;2925.500000000;5;9501075400;B
20240201;100819;2925.000000000;14;9501075443;S
20240201;100819;2925.500000000;50;9501075506;B
20240201;100821;2925.000000000;18;9501075679;S
20240201;100821;2925.000000000;10;9501075680;S
20240201;100821;2925.000000000;2;9501075681;S
20240201;100821;2925.000000000;1;9501075682;S
20240201;100821;2925.000000000;1;9501075683;S
20240201;100821;2925.500000000;30;9501075766;B
20240201;100821;2925.500000000;2;9501075771;B
20240201;100822;2925.500000000;10;9501075902;B
20240201;100822;2925.000000000;9;9501075970;S
20240201;100823;2925.000000000;3;9501076096;B
20240201;100823;2925.000000000;5;9501076116;B
20240201;100824;2925.000000000;17;9501076250;B
20240201;100824;2925.000000000;66;9501076332;B
20240201;100824;2925.000000000;85;9501076333;B
20240201;100824;2925.000000000;21;9501076334;B
20240201;100824;2925.000000000;14;9501076335;B
20240201;100824;2925.500000000;125;9501076336;B
20240201;100824;2925.500000000;21;9501076337;B
20240201;100824;2925.500000000;6;9501076338;B
20240201;100826;2925.000000000;30;9501076471;B
20240201;100826;2925.000000000;37;9501076548;B
20240201;100827;2925.000000000;3;9501076627;B
20240201;100827;2925.000000000;12;9501076628;B
20240201;100827;2925.000000000;1;9501076729;B
20240201;100828;2924.500000000;16;9501076777;S
20240201;100828;2925.000000000;1;9501076832;B
20240201;100829;2924.500000000;2;9501076909;S
20240201;100829;2924.500000000;1;9501076923;B
20240201;100829;2924.500000000;40;9501077039;B
20240201;100830;2924.500000000;1;9501077096;B
20240201;100830;2924.500000000;29;9501077168;B
20240201;100831;2924.500000000;27;9501077276;B
20240201;100831;2924.500000000;7;9501077277;B
20240201;100832;2924.500000000;11;9501077385;B
20240201;100832;2924.500000000;4;9501077386;B
20240201;100834;2924.500000000;4;9501077705;B
20240201;100834;2924.500000000;2;9501077734;B
20240201;100834;2924.500000000;10;9501077735;B
20240201;100834;2924.500000000;1;9501077736;B
20240201;100834;2924.500000000;87;9501077737;B
20240201;100835;2924.500000000;5;9501077857;B
20240201;100835;2924.500000000;11;9501077889;B
20240201;100835;2925.000000000;24;9501077890;B
20240201;100836;2924.500000000;34;9501078054;S
20240201;100838;2924.500000000;1;9501078300;S
20240201;100841;2925.000000000;20;9501078769;B
20240201;100841;2925.000000000;11;9501078773;B
20240201;100841;2924.500000000;1;9501078819;S
20240201;100842;2924.500000000;23;9501078942;S
20240201;100842;2924.500000000;2;9501078943;S
20240201;100843;2925.000000000;2;9501079104;B
20240201;100845;2925.000000000;10;9501079769;B
20240201;100846;2925.000000000;1;9501079914;B
20240201;100847;2925.000000000;30;9501080177;B
20240201;100847;2924.500000000;35;9501080266;S
20240201;100847;2924.000000000;4;9501080267;S
20240201;100847;2924.000000000;6;9501080268;S
20240201;100848;2925.000000000;1;9501080380;B
20240201;100849;2924.000000000;25;9501080457;S
20240201;100849;2924.500000000;5;9501080468;B
20240201;100849;2925.000000000;30;9501080469;B
20240201;100849;2925.000000000;12;9501080470;B
20240201;100849;2925.000000000;34;9501080494;B
20240201;100850;2925.000000000;10;9501080712;B
20240201;100851;2925.000000000;3;9501080753;B
20240201;100851;2925.000000000;500;9501080772;B
20240201;100851;2924.500000000;10;9501080780;S
20240201;100851;2925.000000000;250;9501080807;B
20240201;100851;2925.000000000;1;9501080808;B
20240201;100851;2925.000000000;13;9501080813;B
20240201;100851;2925.000000000;3;9501080820;B
20240201;100852;2925.000000000;31;9501080848;B
20240201;100852;2925.000000000;2;9501080849;B
20240201;100852;2925.000000000;10;9501080850;B
20240201;100852;2925.000000000;70;9501080851;B
20240201;100852;2925.000000000;32;9501080852;B
20240201;100852;2925.000000000;2;9501080853;B
20240201;100852;2925.500000000;8;9501080854;B
20240201;100852;2925.500000000;42;9501080876;B
20240201;100852;2926.000000000;1;9501080877;B
20240201;100852;2926.000000000;1;9501080878;B
20240201;100852;2926.000000000;1;9501080879;B
20240201;100852;2926.000000000;4;9501080880;B
20240201;100852;2926.000000000;10;9501080881;B
20240201;100852;2926.000000000;5;9501080888;S
20240201;100852;2926.500000000;1;9501080923;B
20240201;100852;2927.000000000;3;9501081025;B
20240201;100852;2927.000000000;8;9501081026;B
20240201;100853;2927.000000000;2;9501081116;B
20240201;100854;2927.000000000;1;9501081283;B
20240201;100855;2926.500000000;1;9501081442;S
20240201;100856;2927.000000000;89;9501081531;B
20240201;100856;2927.000000000;6;9501081532;B
20240201;100856;2927.000000000;5;9501081533;B
20240201;100858;2927.000000000;5;9501081968;B
20240201;100858;2927.000000000;30;9501081969;B
20240201;100858;2927.500000000;11;9501082059;B
20240201;100858;2927.500000000;7;9501082060;B
20240201;100858;2927.000000000;9;9501082066;S
20240201;100859;2927.500000000;1;9501082080;B
20240201;100859;2927.500000000;9;9501082093;B
20240201;100859;2927.500000000;1;9501082094;B
20240201;100859;2927.500000000;8;9501082095;B
20240201;100859;2928.000000000;2;9501082096;B
20240201;100859;2928.000000000;53;9501082097;B
20240201;100859;2928.000000000;10;9501082098;B
20240201;100859;2928.000000000;25;9501082099;B
20240201;100859;2928.000000000;100;9501082100;B
20240201;100859;2928.000000000;25;9501082101;B
20240201;100859;2928.000000000;27;9501082102;B
20240201;100859;2928.500000000;2;9501082103;B
20240201;100859;2928.500000000;1;9501082104;B
20240201;100859;2928.500000000;22;9501082105;B
20240201;100859;2928.500000000;15;9501082106;B
20240201;100859;2928.500000000;10;9501082158;B
20240201;100859;2928.500000000;10;9501082159;B
20240201;100859;2929.000000000;30;9501082160;B
20240201;100900;2928.000000000;50;9501082273;B
20240201;100900;2928.500000000;1;9501082274;B
20240201;100900;2929.000000000;50;9501082275;B
20240201;100900;2929.000000000;2;9501082276;B
20240201;100900;2929.000000000;2;9501082277;B
20240201;100900;2929.000000000;2;9501082278;B
20240201;100900;2929.000000000;5;9501082279;B
20240201;100900;2929.000000000;1;9501082280;B
20240201;100900;2929.000000000;5;9501082281;B
20240201;100900;2929.000000000;9;9501082282;B
20240201;100900;2929.000000000;7;9501082283;B
20240201;100900;2929.000000000;1;9501082284;B
20240201;100900;2929.000000000;18;9501082285;B
20240201;100900;2929.000000000;1;9501082286;B
20240201;100900;2929.000000000;200;9501082287;B
20240201;100900;2929.000000000;10;9501082288;B
20240201;100900;2929.000000000;10;9501082289;B
20240201;100900;2929.000000000;1;9501082290;B
20240201;100900;2929.500000000;5;9501082291;B
20240201;100900;2929.500000000;2;9501082292;B
20240201;100900;2929.500000000;1;9501082293;B
20240201;100900;2929.500000000;12;9501082294;B
20240201;100900;2928.000000000;10;9501082295;B
20240201;100901;2928.000000000;7;9501082432;S
20240201;100901;2928.000000000;3;9501082433;B
20240201;100901;2929.000000000;1;9501082443;B
20240201;100901;2929.000000000;10;9501082444;B
20240201;100901;2929.000000000;14;9501082445;B
20240201;100901;2929.500000000;8;9501082446;B
20240201;100901;2929.500000000;1;9501082447;B
20240201;100901;2929.500000000;1;9501082448;B
20240201;100901;2929.500000000;27;9501082449;B
20240201;100901;2929.500000000;138;9501082450;B
20240201;100901;2929.000000000;1;9501082474;B
20240201;100901;2929.500000000;107;9501082475;B
20240201;100901;2929.500000000;20;9501082478;B
20240201;100901;2929.500000000;20;9501082491;B
20240201;100902;2929.500000000;20;9501082510;B
20240201;100902;2929.500000000;150;9501082565;B
20240201;100902;2928.000000000;3;9501082599;S
20240201;100902;2928.000000000;10;9501082600;S
20240201;100903;2927.500000000;53;9501082672;S
20240201;100903;2928.000000000;25;9501082687;B
20240201;100904;2928.000000000;1;9501082847;B
20240201;100904;2927.500000000;1;9501082848;S
20240201;100904;2928.000000000;7;9501082894;B
20240201;100904;2928.000000000;4;9501082905;B
20240201;100904;2928.500000000;4;9501082961;S
20240201;100905;2929.500000000;15;9501083048;B
20240201;100905;2928.500000000;2;9501083160;S
20240201;100905;2928.500000000;2;9501083161;S
20240201;100905;2928.500000000;8;9501083162;S
20240201;100906;2928.500000000;2;9501083302;S
20240201;100906;2928.000000000;2;9501083303;S
20240201;100906;2929.000000000;1;9501083377;B
20240201;100907;2929.000000000;31;9501083468;B
20240201;100907;2929.500000000;9;9501083469;B
20240201;100910;2928.500000000;10;9501084013;B
20240201;100911;2928.500000000;1;9501084059;B
20240201;100912;2928.500000000;24;9501084456;B
20240201;100912;2928.500000000;10;9501084457;B
20240201;100912;2928.500000000;54;9501084458;B
20240201;100912;2928.500000000;17;9501084459;B
20240201;100913;2928.500000000;25;9501084662;B
20240201;100914;2928.500000000;4;9501084780;B
20240201;100914;2928.000000000;4;9501084790;S
20240201;100915;2928.000000000;25;9501084946;S
20240201;100916;2928.500000000;2;9501084969;B
20240201;100916;2928.500000000;99;9501085004;B
20240201;100916;2928.500000000;1;9501085005;B
20240201;100916;2928.500000000;5;9501085006;B
20240201;100916;2928.500000000;3;9501085007;B
20240201;100916;2928.500000000;28;9501085008;B
20240201;100916;2928.500000000;6;9501085054;B
20240201;100916;2928.500000000;4;9501085055;B
20240201;100918;2928.000000000;3;9501085298;S
20240201;100918;2928.000000000;1;9501085299;S
20240201;100918;2928.000000000;1;9501085300;S
20240201;100919;2928.500000000;1;9501085567;B
20240201;100919;2928.500000000;4;9501085568;B
20240201;100920;2928.500000000;5;9501085621;B
20240201;100920;2929.000000000;5;9501085689;B
20240201;100921;2928.500000000;3;9501085786;S
20240201;100925;2928.500000000;1;9501086204;S
20240201;100925;2928.500000000;2;9501086205;S
20240201;100926;2929.000000000;6;9501086397;B
20240201;100927;2928.500000000;1;9501086672;B
20240201;100927;2929.000000000;5;9501086673;B
20240201;100929;2929.000000000;2;9501087105;B
20240201;100930;2928.500000000;1;9501087284;S
20240201;100931;2929.000000000;3;9501087552;B
20240201;100932;2929.000000000;102;9501087686;B
20240201;100932;2928.500000000;4;9501087723;S
20240201;100932;2928.500000000;35;9501087724;S
20240201;100933;2928.500000000;16;9501087845;B
20240201;100933;2929.000000000;18;9501087846;B
20240201;100933;2928.500000000;25;9501087883;S
20240201;100933;2928.500000000;37;9501087890;S
20240201;100935;2928.000000000;3;9501088321;S
20240201;100935;2928.000000000;9;9501088348;S
20240201;100936;2928.000000000;3;9501088408;S
20240201;100937;2928.000000000;20;9501088683;S
20240201;100939;2928.500000000;10;9501088973;B
20240201;100939;2928.000000000;5;9501089100;S
20240201;100939;2928.000000000;1;9501089101;S
20240201;100941;2928.000000000;9;9501089299;S
20240201;100941;2928.000000000;10;9501089300;S
20240201;100941;2928.000000000;20;9501089301;S
20240201;100941;2928.000000000;1;9501089302;S
20240201;100941;2928.000000000;1;9501089303;S
20240201;100941;2928.000000000;9;9501089304;S
20240201;100943;2927.500000000;5;9501089604;S
20240201;100943;2928.000000000;1;9501089633;B
20240201;100944;2927.500000000;1;9501089728;B
20240201;100945;2927.000000000;1;9501090025;S
20240201;100947;2927.500000000;1;9501090407;B
20240201;100947;2928.000000000;2;9501090408;B
20240201;100948;2927.000000000;1;9501090686;S
20240201;100948;2927.000000000;2;9501090687;S
20240201;100949;2927.000000000;13;9501090838;S
20240201;100949;2927.000000000;4;9501090839;S
20240201;100950;2927.000000000;5;9501091003;S
20240201;100950;2928.000000000;1;9501091100;B
20240201;100951;2927.000000000;8;9501091264;S
20240201;100951;2926.500000000;10;9501091265;S
20240201;100951;2926.000000000;27;9501091266;S
20240201;100951;2926.000000000;15;9501091267;S
20240201;100953;2927.000000000;10;9501091528;B
20240201;100953;2927.000000000;5;9501091529;B
20240201;100953;2927.500000000;35;9501091530;B
20240201;100953;2928.000000000;1;9501091531;B
20240201;100953;2927.500000000;35;9501091532;B
20240201;100953;2928.000000000;2;9501091533;B
20240201;100954;2927.000000000;2;9501091671;B
20240201;100955;2927.000000000;2;9501091762;S
20240201;100955;2927.500000000;15;9501091863;B
20240201;100955;2927.500000000;20;9501091874;B
20240201;100955;2927.500000000;50;9501091875;B
20240201;100955;2927.500000000;10;9501091876;B
20240201;100955;2928.000000000;7;9501091877;B
20240201;100955;2928.000000000;1;9501091878;B
20240201;100955;2928.000000000;2;9501091879;B
20240201;100955;2928.000000000;1;9501091880;B
20240201;100955;2928.000000000;9;9501091881;B
20240201;100958;2928.000000000;1;9501092224;B
20240201;100958;2928.000000000;1;9501092225;B
20240201;100958;2928.000000000;18;9501092226;B
20240201;100958;2928.000000000;1;9501092227;B
20240201;100958;2928.000000000;5;9501092228;B
20240201;100958;2928.000000000;10;9501092229;B
20240201;100958;2928.000000000;10;9501092230;B
20240201;100958;2928.000000000;10;9501092310;S
20240201;100959;2928.000000000;1;9501092387;S
20240201;100959;2928.000000000;5;9501092507;S
20240201;101001;2928.000000000;1;9501092798;S
20240201;101001;2928.000000000;20;9501092818;S
20240201;101002;2928.000000000;8;9501092965;S
20240201;101004;2928.000000000;9;9501093271;S
20240201;101004;2928.000000000;1;9501093361;B
20240201;101010;2927.000000000;16;9501094213;S
20240201;101010;2926.000000000;8;9501094251;S
20240201;101012;2927.000000000;35;9501094469;B
20240201;101012;2927.000000000;10;9501094470;B
20240201;101012;2927.500000000;55;9501094471;B
20240201;101017;2926.000000000;7;9501095844;S
20240201;101017;2926.000000000;1;9501095845;S
20240201;101017;2927.500000000;4;9501095899;B
20240201;101020;2927.000000000;1;9501096558;B
20240201;101023;2925.500000000;2;9501096990;S
20240201;101023;2925.500000000;3;9501096991;S
20240201;101023;2925.500000000;2;9501096992;S
20240201;101023;2925.000000000;3;9501097071;S
20240201;101025;2925.500000000;164;9501097227;B
20240201;101025;2925.000000000;7;9501097314;S
20240201;101025;2925.000000000;1;9501097315;S
20240201;101025;2925.000000000;2;9501097316;S
20240201;101028;2927.000000000;7;9501097623;B
20240201;101037;2925.500000000;4;9501098864;S
20240201;101039;2925.500000000;1;9501099135;S
20240201;101041;2925.500000000;15;9501099488;S
20240201;101042;2925.500000000;20;9501099608;S
20240201;101045;2926.000000000;1;9501099970;B
20240201;101048;2925.500000000;1;9501100451;S
20240201;101049;2926.000000000;1;9501100664;B
20240201;101049;2926.000000000;10;9501100665;B
20240201;101049;2926.000000000;35;9501100666;B
20240201;101049;2926.500000000;4;9501100667;B
20240201;101051;2925.500000000;25;9501100795;S
20240201;101051;2925.500000000;1;9501100809;S
20240201;101051;2925.500000000;5;9501100898;S
20240201;101052;2925.500000000;3;9501100974;S
20240201;101052;2925.500000000;1;9501100975;S
20240201;101100;2924.500000000;10;9501102039;S
20240201;101100;2924.500000000;1;9501102040;S
20240201;101100;2924.500000000;1;9501102041;S
20240201;101100;2924.500000000;10;9501102042;S
20240201;101102;2924.000000000;100;9501102235;S
20240201;101103;2924.500000000;10;9501102446;B
20240201;101105;2924.000000000;10;9501102614;S
20240201;101105;2924.000000000;60;9501102615;S
20240201;101107;2924.000000000;9;9501103056;B
20240201;101108;2924.000000000;3;9501103213;B
20240201;101110;2923.500000000;1;9501103556;S
20240201;101110;2923.500000000;85;9501103557;S
20240201;101110;2923.500000000;6;9501103558;S
20240201;101110;2923.000000000;59;9501103559;S
20240201;101110;2923.000000000;1;9501103592;S
20240201;101111;2923.500000000;1;9501103635;B
20240201;101111;2923.000000000;1;9501103636;S
20240201;101117;2923.000000000;1;9501104797;S
20240201;101118;2923.000000000;1;9501104976;S
20240201;101120;2923.000000000;4;9501105217;S
20240201;101120;2923.500000000;1;9501105226;B
20240201;101121;2923.000000000;20;9501105447;S
20240201;101122;2923.500000000;6;9501105523;B
20240201;101122;2923.500000000;2;9501105524;B
20240201;101123;2923.000000000;1;9501105638;S
20240201;101123;2923.500000000;1;9501105639;B
20240201;101123;2924.000000000;10;9501105738;B
20240201;101127;2924.500000000;1;9501106194;S
20240201;101131;2925.000000000;5;9501106754;S
20240201;101131;2925.000000000;1;9501106877;S
20240201;101131;2925.000000000;23;9501106966;S
20240201;101133;2925.000000000;1;9501107163;S
20240201;101133;2925.000000000;3;9501107164;S
20240201;101142;2926.000000000;1;9501108312;B
20240201;101147;2926.000000000;19;9501108893;B
20240201;101147;2926.000000000;2;9501108894;B
20240201;101147;2926.000000000;20;9501108895;B
20240201;101147;2926.500000000;35;9501108896;B
20240201;101147;2926.500000000;9;9501108897;B
20240201;101147;2927.000000000;5;9501108898;B
20240201;101147;2927.000000000;5;9501108899;B
20240201;101147;2927.000000000;2;9501108900;B
20240201;101147;2927.000000000;7;9501108901;B
20240201;101150;2926.000000000;1;9501109668;B
20240201;101152;2925.500000000;2;9501110369;S
20240201;101152;2925.000000000;1;9501110461;S
20240201;101159;2925.500000000;1;9501111612;B
20240201;101159;2925.500000000;34;9501111631;B
20240201;101159;2925.500000000;1;9501111632;B
20240201;101159;2926.000000000;49;9501111633;B
20240201;101159;2926.000000000;10;9501111634;B
20240201;101159;2926.000000000;5;9501111635;B
20240201;101159;2926.000000000;1;9501111636;B
20240201;101207;2926.000000000;10;9501112993;B
20240201;101207;2926.500000000;35;9501112994;B
20240201;101207;2926.500000000;9;9501112995;B
20240201;101207;2927.000000000;9;9501112996;B
20240201;101218;2927.000000000;2;9501114522;B
20240201;101237;2926.500000000;8;9501116976;B
20240201;101240;2926.500000000;10;9501117337;B
20240201;101241;2926.500000000;2;9501117430;B
20240201;101246;2926.500000000;5;9501118050;B
20240201;101247;2926.000000000;5;9501118140;S
20240201;101247;2926.500000000;9;9501118208;B
20240201;101251;2926.500000000;1;9501118671;B
20240201;101251;2926.500000000;3;9501118673;B
20240201;101252;2926.000000000;1;9501118707;S
20240201;101254;2926.000000000;5;9501118962;S
20240201;101254;2926.500000000;1;9501119011;B
20240201;101255;2926.000000000;14;9501119152;S
20240201;101255;2926.000000000;1;9501119153;S
20240201;101255;2926.000000000;35;9501119154;S
20240201;101255;2925.500000000;1;9501119155;S
20240201;101255;2926.000000000;26;9501119186;B
20240201;101255;2926.000000000;9;9501119187;B
20240201;101255;2926.500000000;15;9501119188;B
20240201;101255;2926.500000000;150;9501119189;B
20240201;101256;2926.000000000;4;9501119277;B
20240201;101259;2925.500000000;2;9501119735;S
20240201;101300;2926.000000000;9;9501119819;B
20240201;101304;2925.500000000;3;9501120280;S
20240201;101305;2925.500000000;9;9501120448;S
20240201;101305;2925.500000000;7;9501120449;S
20240201;101305;2925.000000000;27;9501120450;S
20240201;101305;2925.000000000;7;9501120451;S
20240201;101307;2924.500000000;4;9501120665;S
20240201;101308;2925.500000000;3;9501120781;B
20240201;101315;2924.500000000;1;9501121796;S
20240201;101315;2924.500000000;6;9501121797;S
20240201;101318;2924.500000000;9;9501122056;S
20240201;101318;2924.500000000;70;9501122068;S
20240201;101318;2924.500000000;49;9501122069;S
20240201;101318;2924.500000000;10;9501122070;S
20240201;101320;2924.500000000;3;9501122289;B
20240201;101321;2924.000000000;1;9501122458;S
20240201;101330;2924.000000000;1;9501123577;S
20240201;101330;2924.000000000;1;9501123578;S
20240201;101330;2924.500000000;1;9501123649;B
20240201;101331;2924.000000000;4;9501123765;S
20240201;101331;2924.000000000;1;9501123766;S
20240201;101337;2924.000000000;56;9501124276;S
20240201;101337;2924.000000000;10;9501124277;S
20240201;101337;2924.000000000;85;9501124278;S
20240201;101337;2924.000000000;27;9501124279;S
20240201;101337;2924.000000000;18;9501124280;S
20240201;101342;2924.000000000;3;9501124788;B
20240201;101345;2924.000000000;1;9501125142;B
20240201;101347;2923.500000000;10;9501125372;S
20240201;101347;2923.500000000;1;9501125386;S
20240201;101348;2923.500000000;1;9501125507;S
20240201;101348;2923.500000000;2;9501125550;S
20240201;101350;2923.500000000;10;9501125890;S
20240201;101350;2923.500000000;3;9501125937;S
20240201;101350;2923.500000000;85;9501125938;S
20240201;101351;2923.500000000;1;9501126004;B
20240201;101351;2923.000000000;12;9501126088;S
20240201;101351;2923.000000000;27;9501126089;S
20240201;101351;2923.000000000;57;9501126090;S
20240201;101354;2923.500000000;11;9501126322;B
20240201;101354;2923.500000000;6;9501126323;B
20240201;101355;2923.500000000;10;9501126477;B
20240201;101404;2923.500000000;12;9501127726;B
20240201;101408;2923.000000000;19;9501128212;S
20240201;101412;2923.500000000;2;9501128678;B
20240201;101412;2923.500000000;7;9501128679;B
20240201;101412;2923.500000000;3;9501128917;B
20240201;101412;2923.500000000;2;9501128918;B
20240201;101412;2923.500000000;2;9501128919;B
20240201;101412;2923.500000000;2;9501128920;B
20240201;101412;2923.500000000;10;9501128921;B
20240201;101412;2923.500000000;2;9501129076;S
20240201;101412;2924.000000000;69;9501129081;B
20240201;101413;2923.500000000;1;9501129173;S
20240201;101413;2923.500000000;1;9501129197;S
20240201;101416;2923.500000000;1;9501129520;S
20240201;101418;2924.000000000;100;9501129797;B
20240201;101418;2923.500000000;2;9501129862;S
20240201;101418;2924.000000000;24;9501129899;B
20240201;101419;2924.000000000;150;9501129946;B
20240201;101419;2924.000000000;1;9501129998;B
20240201;101420;2924.000000000;3;9501130074;B
20240201;101422;2924.000000000;1;9501130247;B
20240201;101424;2924.000000000;50;9501130686;B
20240201;101426;2923.500000000;1;9501130854;S
20240201;101426;2924.000000000;1;9501130856;B
20240201;101427;2924.000000000;1;9501131093;B
20240201;101427;2924.000000000;7;9501131094;B
20240201;101428;2923.500000000;3;9501131239;S
20240201;101428;2923.500000000;10;9501131240;S
20240201;101428;2923.500000000;35;9501131241;S
20240201;101428;2923.500000000;10;9501131242;S
20240201;101428;2923.500000000;42;9501131243;S
20240201;101430;2924.000000000;1;9501131515;B
20240201;101431;2924.000000000;1;9501131620;B
20240201;101433;2923.500000000;1;9501131878;S
20240201;101434;2924.000000000;2;9501131938;B
20240201;101435;2924.000000000;20;9501132040;B
20240201;101439;2924.000000000;1;9501132449;B
20240201;101440;2924.000000000;10;9501132544;B
20240201;101441;2924.000000000;1;9501132748;B
20240201;101442;2924.000000000;3;9501132859;B
20240201;101445;2924.000000000;5;9501133214;B
20240201;101447;2924.000000000;423;9501133578;B
20240201;101447;2924.000000000;6;9501133579;B
20240201;101447;2924.000000000;13;9501133580;B
20240201;101447;2924.000000000;1;9501133581;B
20240201;101447;2925.000000000;3;9501133582;B
20240201;101447;2925.000000000;3;9501133583;B
20240201;101447;2925.000000000;3;9501133584;B
20240201;101447;2925.000000000;3;9501133585;B
20240201;101447;2925.000000000;3;9501133586;B
20240201;101448;2925.000000000;17;9501133596;B
20240201;101448;2925.000000000;1;9501133597;B
20240201;101448;2925.000000000;2;9501133598;B
20240201;101448;2924.500000000;8;9501133632;S
20240201;101448;2925.000000000;3;9501133633;B
20240201;101448;2925.500000000;1;9501133634;B
20240201;101448;2925.500000000;10;9501133635;B
20240201;101448;2926.000000000;2;9501133636;B
20240201;101448;2926.000000000;1;9501133637;B
20240201;101448;2926.500000000;46;9501133638;B
20240201;101448;2926.500000000;1;9501133639;B
20240201;101448;2927.000000000;20;9501133640;B
20240201;101448;2927.000000000;1;9501133641;B
20240201;101448;2927.000000000;5;9501133642;B
20240201;101448;2927.000000000;8;9501133643;B
20240201;101448;2927.000000000;1;9501133644;B
20240201;101448;2927.000000000;25;9501133645;B
20240201;101448;2927.000000000;5;9501133646;B
20240201;101448;2927.000000000;4;9501133647;B
20240201;101448;2927.500000000;2;9501133648;B
20240201;101448;2927.500000000;5;9501133649;B
20240201;101448;2927.500000000;100;9501133650;B
20240201;101448;2927.500000000;5;9501133651;B
20240201;101448;2927.000000000;1;9501133697;B
20240201;101450;2927.500000000;24;9501133967;B
20240201;101451;2927.500000000;1;9501134100;B
20240201;101451;2927.500000000;5;9501134101;B
20240201;101456;2928.000000000;1;9501134693;B
20240201;101456;2928.000000000;16;9501134694;B
20240201;101457;2927.000000000;5;9501134811;S
20240201;101458;2928.000000000;4;9501134934;B
20240201;101458;2928.000000000;11;9501134935;B
20240201;101458;2928.000000000;1;9501134983;B
20240201;101500;2928.000000000;1;9501135305;B
20240201;101500;2927.500000000;1;9501135348;S
20240201;101502;2927.000000000;3;9501135581;S
20240201;101503;2927.000000000;2;9501135795;S
20240201;101504;2927.000000000;2;9501136083;S
20240201;101507;2927.000000000;1;9501136504;S
20240201;101507;2927.000000000;1;9501136707;S
20240201;101508;2927.000000000;1;9501136825;S
20240201;101508;2927.500000000;1;9501136916;S
20240201;101508;2927.000000000;25;9501136917;S
20240201;101508;2926.500000000;30;9501136918;S
20240201;101508;2926.000000000;10;9501136919;S
20240201;101508;2926.000000000;35;9501136920;S
20240201;101508;2926.000000000;15;9501136921;S
20240201;101508;2925.500000000;27;9501136922;S
20240201;101510;2928.000000000;37;9501137258;B
20240201;101510;2928.000000000;1;9501137259;B
20240201;101510;2928.000000000;1;9501137260;B
20240201;101510;2928.000000000;1;9501137261;B
20240201;101510;2928.000000000;34;9501137262;B
20240201;101510;2928.000000000;4;9501137263;B
20240201;101510;2928.000000000;21;9501137264;B
20240201;101511;2928.000000000;4;9501137437;B
20240201;101512;2926.500000000;1;9501137563;S
20240201;101518;2927.000000000;1;9501138755;B
20240201;101518;2927.500000000;8;9501138756;B
20240201;101518;2928.000000000;5;9501138757;B
20240201;101518;2928.000000000;10;9501138758;B
20240201;101518;2928.000000000;10;9501138759;B
20240201;101518;2928.000000000;30;9501138760;B
20240201;101518;2928.000000000;5;9501138761;B
20240201;101518;2928.500000000;53;9501138762;B
20240201;101518;2928.500000000;2;9501138763;B
20240201;101518;2928.500000000;70;9501138764;B
20240201;101518;2928.500000000;25;9501138765;B
20240201;101518;2928.500000000;3;9501138766;B
20240201;101518;2928.500000000;10;9501138767;B
20240201;101518;2928.500000000;5;9501138768;B
20240201;101518;2928.500000000;18;9501138769;B
20240201;101518;2928.500000000;5;9501138770;B
20240201;101518;2928.500000000;2;9501138771;B
20240201;101519;2928.500000000;1;9501139046;S
20240201;101519;2928.500000000;1;9501139081;S
20240201;101520;2929.000000000;5;9501139271;B
20240201;101521;2929.000000000;5;9501139395;B
20240201;101521;2928.500000000;5;9501139401;S
20240201;101521;2929.000000000;30;9501139412;B
20240201;101521;2929.000000000;9;9501139433;B
20240201;101522;2929.000000000;5;9501139587;B
20240201;101523;2928.500000000;31;9501139736;S
20240201;101523;2928.500000000;6;9501139737;S
20240201;101523;2927.500000000;5;9501139738;S
20240201;101523;2927.500000000;27;9501139739;S
20240201;101523;2927.500000000;5;9501139790;B
20240201;101524;2927.500000000;200;9501139992;B
20240201;101528;2927.500000000;100;9501140570;B
20240201;101528;2927.500000000;1;9501140579;B
20240201;101528;2927.000000000;1;9501140631;S
20240201;101528;2927.000000000;7;9501140632;S
20240201;101528;2927.500000000;5;9501140705;B
20240201;101530;2927.000000000;1;9501141161;B
20240201;101531;2926.500000000;3;9501141287;S
20240201;101532;2927.000000000;4;9501141451;B
20240201;101532;2927.500000000;42;9501141522;B
20240201;101532;2927.500000000;9;9501141525;B
20240201;101533;2927.000000000;1;9501141587;S
20240201;101533;2927.000000000;3;9501141588;S
20240201;101534;2927.000000000;1;9501141815;B
20240201;101534;2927.500000000;19;9501141832;B
20240201;101534;2927.500000000;5;9501141833;B
20240201;101535;2928.000000000;1;9501142006;B
20240201;101535;2928.500000000;1;9501142007;B
20240201;101535;2928.500000000;1;9501142008;B
20240201;101535;2928.500000000;250;9501142009;B
20240201;101535;2929.000000000;770;9501142010;B
20240201;101535;2928.000000000;2;9501142020;S
20240201;101535;2928.000000000;3;9501142021;S
20240201;101535;2929.000000000;35;9501142093;B
20240201;101535;2929.000000000;3;9501142094;B
20240201;101535;2929.000000000;20;9501142095;B
20240201;101535;2929.000000000;10;9501142096;B
20240201;101535;2929.000000000;1;9501142097;B
20240201;101535;2929.000000000;1;9501142098;B
20240201;101535;2929.000000000;2;9501142099;B
20240201;101535;2929.000000000;20;9501142100;B
20240201;101535;2929.000000000;3;9501142101;B
20240201;101535;2929.000000000;1;9501142102;B
20240201;101535;2929.000000000;150;9501142103;B
20240201;101535;2929.000000000;1;9501142104;B
20240201;101535;2929.000000000;1;9501142105;B
20240201;101535;2929.000000000;55;9501142106;B
20240201;101535;2929.000000000;1;9501142107;B
20240201;101535;2929.000000000;10;9501142108;B
20240201;101535;2929.000000000;2;9501142109;B
20240201;101535;2929.000000000;10;9501142110;B
20240201;101535;2929.000000000;9;9501142111;B
20240201;101535;2929.500000000;2;9501142112;B
20240201;101535;2929.500000000;30;9501142113;B
20240201;101535;2929.500000000;30;9501142114;B
20240201;101535;2929.500000000;23;9501142115;B
20240201;101536;2929.500000000;50;9501142148;B
20240201;101536;2929.500000000;1;9501142179;B
20240201;101537;2929.500000000;20;9501142333;B
20240201;101537;2929.500000000;1;9501142437;B
20240201;101537;2929.500000000;4;9501142438;B
20240201;101538;2929.500000000;46;9501142451;B
20240201;101538;2930.000000000;1;9501142452;B
20240201;101538;2930.000000000;1;9501142453;B
20240201;101538;2930.000000000;1;9501142454;B
20240201;101538;2930.000000000;3;9501142455;B
20240201;101538;2930.000000000;1;9501142456;B
20240201;101538;2930.000000000;5;9501142457;B
20240201;101538;2930.000000000;13;9501142458;B
20240201;101538;2930.000000000;5;9501142459;B
20240201;101538;2930.000000000;1;9501142460;B
20240201;101538;2930.000000000;3;9501142461;B
20240201;101538;2930.000000000;20;9501142462;B
20240201;101538;2930.000000000;10;9501142463;B
20240201;101538;2930.000000000;15;9501142464;B
20240201;101538;2930.000000000;15;9501142465;B
20240201;101538;2930.000000000;1;9501142466;B
20240201;101538;2930.000000000;50;9501142467;B
20240201;101538;2930.000000000;8;9501142468;B
20240201;101538;2930.000000000;51;9501142469;B
20240201;101538;2930.000000000;70;9501142470;B
20240201;101538;2930.000000000;1;9501142493;B
20240201;101538;2930.000000000;1;9501142494;B
20240201;101538;2930.000000000;4;9501142502;B
20240201;101538;2930.000000000;7;9501142503;B
20240201;101538;2930.000000000;3;9501142507;B
20240201;101538;2930.000000000;2;9501142508;B
20240201;101538;2930.000000000;6;9501142509;B
20240201;101538;2930.000000000;4;9501142511;B
20240201;101538;2930.000000000;1;9501142512;B
20240201;101538;2930.000000000;5;9501142513;B
20240201;101538;2930.000000000;4;9501142514;B
20240201;101538;2930.000000000;10;9501142515;B
20240201;101538;2930.000000000;1;9501142516;B
20240201;101538;2930.000000000;1;9501142517;B
20240201;101538;2930.000000000;5;9501142538;B
20240201;101538;2930.000000000;3;9501142539;B
20240201;101538;2930.000000000;2;9501142545;B
20240201;101538;2930.000000000;8;9501142546;B
20240201;101538;2930.000000000;3;9501142562;B
20240201;101538;2930.000000000;3;9501142563;B
20240201;101538;2930.000000000;4;9501142579;S
20240201;101538;2930.000000000;14;9501142580;S
20240201;101538;2930.000000000;42;9501142581;B
20240201;101538;2930.500000000;3;9501142582;B
20240201;101538;2930.500000000;1;9501142583;B
20240201;101538;2930.500000000;1;9501142584;B
20240201;101538;2930.500000000;3;9501142585;B
20240201;101538;2931.000000000;3;9501142586;B
20240201;101538;2931.000000000;2;9501142587;B
20240201;101538;2931.000000000;1;9501142588;B
20240201;101538;2931.000000000;5;9501142589;B
20240201;101538;2931.000000000;1;9501142590;B
20240201;101538;2931.000000000;25;9501142591;B
20240201;101538;2931.000000000;90;9501142592;B
20240201;101538;2931.000000000;3;9501142593;B
20240201;101538;2931.500000000;6;9501142594;B
20240201;101538;2931.500000000;3;9501142595;B
20240201;101538;2931.500000000;3;9501142596;B
20240201;101538;2931.500000000;85;9501142597;B
20240201;101538;2932.000000000;1;9501142598;B
20240201;101538;2932.000000000;1;9501142599;B
20240201;101538;2932.000000000;61;9501142600;B
20240201;101538;2931.500000000;6;9501142605;B
20240201;101538;2932.000000000;14;9501142606;B
20240201;101538;2932.000000000;1;9501142611;B
20240201;101538;2930.000000000;1;9501142636;B
20240201;101538;2930.000000000;5;9501142643;B
20240201;101538;2932.000000000;3;9501142644;B
20240201;101538;2932.000000000;1;9501142645;B
20240201;101538;2932.000000000;11;9501142646;B
20240201;101538;2930.000000000;2;9501142659;S
20240201;101539;2930.000000000;8;9501142672;B
20240201;101539;2930.000000000;5;9501142673;B
20240201;101539;2930.000000000;55;9501142674;B
20240201;101539;2930.000000000;10;9501142675;B
20240201;101539;2932.000000000;23;9501142676;B
20240201;101539;2932.000000000;5;9501142677;B
20240201;101539;2932.000000000;15;9501142678;B
20240201;101539;2932.000000000;11;9501142679;B
20240201;101539;2932.000000000;4;9501142680;B
20240201;101539;2932.000000000;5;9501142681;B
20240201;101539;2932.000000000;26;9501142682;B
20240201;101539;2932.000000000;55;9501142683;B
20240201;101539;2932.000000000;2;9501142684;B
20240201;101539;2932.000000000;67;9501142685;B
20240201;101539;2932.000000000;15;9501142686;B
20240201;101539;2932.000000000;30;9501142687;B
20240201;101539;2932.500000000;5;9501142688;B
20240201;101539;2932.500000000;9;9501142689;B
20240201;101539;2930.000000000;5;9501142691;S
20240201;101539;2931.000000000;1;9501142696;B
20240201;101539;2932.500000000;3;9501142697;B
20240201;101539;2932.500000000;3;9501142698;B
20240201;101539;2932.500000000;5;9501142699;B
20240201;101539;2932.500000000;74;9501142700;B
20240201;101539;2932.500000000;6;9501142703;B
20240201;101539;2932.500000000;9;9501142704;B
20240201;101539;2932.500000000;1;9501142705;B
20240201;101539;2930.000000000;5;9501142707;S
20240201;101539;2932.000000000;1;9501142714;B
20240201;101539;2930.500000000;1;9501142720;S
20240201;101539;2930.500000000;6;9501142723;S
20240201;101539;2930.000000000;17;9501142724;S
20240201;101539;2930.000000000;12;9501142729;B
20240201;101539;2930.000000000;10;9501142730;B
20240201;101539;2930.000000000;60;9501142731;B
20240201;101539;2930.000000000;1;9501142739;B
20240201;101539;2930.000000000;5;9501142750;B
20240201;101539;2930.000000000;10;9501142769;B
20240201;101539;2930.000000000;2;9501142791;B
20240201;101539;2930.000000000;1;9501142812;B
20240201;101540;2930.000000000;100;9501142855;B
20240201;101540;2930.000000000;3;9501142903;B
20240201;101540;2930.000000000;2;9501142935;B
20240201;101540;2930.000000000;5;9501142936;B
20240201;101540;2930.000000000;51;9501142943;B
20240201;101540;2930.000000000;60;9501142950;B
20240201;101540;2930.000000000;50;9501142954;B
20240201;101540;2930.000000000;3;9501143001;B
20240201;101541;2930.000000000;1;9501143018;B
20240201;101541;2930.000000000;1;9501143076;B
20240201;101541;2930.000000000;1;9501143077;B
20240201;101542;2930.000000000;1;9501143227;B
20240201;101542;2930.000000000;5;9501143278;B
20240201;101542;2930.000000000;22;9501143281;B
20240201;101542;2930.000000000;3;9501143282;B
20240201;101542;2930.000000000;2;9501143283;B
20240201;101542;2931.500000000;2;9501143284;B
20240201;101542;2931.500000000;6;9501143285;B
20240201;101548;2931.000000000;1;9501144111;B
20240201;101549;2931.000000000;1;9501144271;B
20240201;101550;2931.000000000;1;9501144364;B
20240201;101550;2931.000000000;3;9501144365;B
20240201;101550;2931.500000000;6;9501144366;B
20240201;101551;2931.000000000;1;9501144530;B
20240201;101551;2931.000000000;2;9501144539;B
20240201;101552;2931.000000000;1;9501144745;B
20240201;101552;2931.000000000;2;9501144795;B
20240201;101553;2931.000000000;14;9501144871;B
20240201;101553;2931.500000000;18;9501144872;B
20240201;101553;2931.500000000;1;9501144873;B
20240201;101553;2931.500000000;1;9501144874;B
20240201;101553;2932.000000000;1;9501144875;B
20240201;101553;2932.000000000;30;9501144876;B
20240201;101553;2932.000000000;1;9501144877;B
20240201;101553;2932.000000000;2;9501144878;B
20240201;101553;2932.000000000;1;9501144879;B
20240201;101553;2932.000000000;70;9501144880;B
20240201;101553;2932.000000000;6;9501144881;B
20240201;101553;2932.000000000;1;9501144882;B
20240201;101553;2932.000000000;1;9501144883;B
20240201;101553;2932.000000000;1;9501144884;B
20240201;101553;2932.000000000;8;9501144885;B
20240201;101553;2932.500000000;1;9501144886;B
20240201;101553;2933.000000000;1;9501144887;B
20240201;101553;2933.000000000;3;9501144888;B
20240201;101553;2933.000000000;3;9501144889;B
20240201;101553;2933.000000000;1;9501144890;B
20240201;101553;2933.000000000;200;9501144891;B
20240201;101553;2933.000000000;3;9501144892;B
20240201;101553;2933.000000000;10;9501144893;B
20240201;101553;2933.000000000;25;9501144894;B
20240201;101553;2933.000000000;1;9501144895;B
20240201;101553;2933.000000000;3;9501144896;B
20240201;101553;2933.000000000;5;9501144897;B
20240201;101553;2933.000000000;30;9501144898;B
20240201;101553;2933.000000000;9;9501144899;B
20240201;101553;2933.500000000;5;9501144900;B
20240201;101553;2933.500000000;1;9501144901;B
20240201;101553;2933.500000000;3;9501144902;B
20240201;101553;2933.500000000;40;9501144903;B
20240201;101553;2931.500000000;5;9501144946;S
20240201;101553;2931.000000000;3;9501144947;S
20240201;101553;2931.000000000;6;9501144948;B
20240201;101553;2931.000000000;30;9501144964;B
20240201;101553;2930.500000000;1;9501144978;S
20240201;101553;2931.000000000;39;9501145068;B
20240201;101554;2931.000000000;17;9501145138;B
20240201;101554;2931.500000000;1;9501145151;S
20240201;101555;2933.000000000;1;9501145320;B
20240201;101555;2933.000000000;1;9501145321;B
20240201;101555;2933.500000000;1;9501145427;B
20240201;101556;2933.000000000;2;9501145579;S
20240201;101557;2933.000000000;1;9501145835;S
20240201;101557;2933.500000000;3;9501145903;B
20240201;101558;2933.500000000;1;9501146017;B
20240201;101601;2933.500000000;5;9501146420;B
20240201;101601;2933.500000000;27;9501146421;B
20240201;101601;2933.500000000;85;9501146422;B
20240201;101601;2933.500000000;1;9501146423;B
20240201;101601;2933.500000000;1;9501146424;B
20240201;101601;2934.000000000;1;9501146425;B
20240201;101601;2934.000000000;3;9501146426;B
20240201;101601;2934.000000000;6;9501146427;B
20240201;101601;2934.000000000;8;9501146428;B
20240201;101601;2934.000000000;11;9501146429;B
20240201;101601;2934.000000000;18;9501146430;B
20240201;101601;2934.000000000;5;9501146431;B
20240201;101601;2934.000000000;1;9501146432;B
20240201;101601;2934.000000000;10;9501146433;B
20240201;101601;2934.000000000;15;9501146434;B
20240201;101601;2934.500000000;15;9501146435;B
20240201;101601;2934.500000000;2;9501146436;B
20240201;101601;2934.500000000;3;9501146437;B
20240201;101601;2934.500000000;10;9501146438;B
20240201;101601;2934.500000000;30;9501146439;B
20240201;101601;2934.500000000;1;9501146440;B
20240201;101601;2935.000000000;5;9501146441;B
20240201;101601;2935.000000000;1;9501146442;B
20240201;101601;2935.000000000;1;9501146443;B
20240201;101601;2935.000000000;2;9501146444;B
20240201;101601;2935.000000000;10;9501146445;B
20240201;101601;2935.000000000;20;9501146446;B
20240201;101601;2935.000000000;4;9501146447;B
20240201;101601;2935.000000000;10;9501146448;B
20240201;101601;2935.000000000;20;9501146449;B
20240201;101601;2935.000000000;21;9501146450;B
20240201;101601;2935.000000000;24;9501146451;B
20240201;101601;2935.000000000;248;9501146452;B
20240201;101601;2935.000000000;100;9501146453;B
20240201;101601;2935.500000000;4;9501146454;B
20240201;101601;2935.500000000;25;9501146455;B
20240201;101601;2935.500000000;1;9501146456;B
20240201;101601;2935.500000000;152;9501146457;B
20240201;101601;2933.500000000;1;9501146511;S
20240201;101601;2933.000000000;2;9501146512;S
20240201;101601;2934.500000000;1;9501146524;S
20240201;101601;2932.500000000;1;9501146525;S
20240201;101601;2934.000000000;7;9501146566;B
20240201;101602;2934.000000000;3;9501146573;B
20240201;101602;2935.000000000;6;9501146574;B
20240201;101602;2933.000000000;1;9501146575;S
20240201;101602;2932.000000000;2;9501146576;S
20240201;101602;2934.500000000;1;9501146588;B
20240201;101602;2935.000000000;9;9501146589;B
20240201;101602;2932.500000000;1;9501146671;S
20240201;101602;2934.000000000;50;9501146680;B
20240201;101602;2934.500000000;2;9501146681;B
20240201;101602;2935.000000000;70;9501146682;B
20240201;101602;2935.000000000;2;9501146683;B
20240201;101602;2935.000000000;10;9501146684;B
20240201;101602;2935.000000000;10;9501146685;B
20240201;101602;2935.000000000;8;9501146686;B
20240201;101602;2935.000000000;2;9501146687;B
20240201;101602;2935.000000000;10;9501146688;B
20240201;101602;2935.000000000;1;9501146689;B
20240201;101602;2935.000000000;35;9501146690;B
20240201;101603;2934.500000000;4;9501146813;B
20240201;101606;2934.000000000;10;9501147202;B
20240201;101606;2934.500000000;32;9501147203;B
20240201;101606;2934.500000000;32;9501147365;B
20240201;101606;2935.000000000;68;9501147366;B
20240201;101608;2934.000000000;4;9501147530;S
20240201;101609;2935.000000000;1;9501147729;B
20240201;101609;2935.000000000;70;9501147732;B
20240201;101609;2935.000000000;2;9501147735;B
20240201;101609;2935.000000000;5;9501147737;B
20240201;101611;2935.000000000;5;9501147969;B
20240201;101611;2935.000000000;10;9501147999;B
20240201;101613;2935.000000000;5;9501148178;B
20240201;101613;2935.000000000;15;9501148286;B
20240201;101614;2935.000000000;25;9501148331;B
20240201;101614;2935.000000000;5;9501148332;B
20240201;101614;2935.000000000;3;9501148333;B
20240201;101614;2935.000000000;10;9501148334;B
20240201;101614;2935.500000000;54;9501148335;B
20240201;101614;2935.500000000;27;9501148336;B
20240201;101614;2935.500000000;1;9501148337;B
20240201;101614;2935.500000000;85;9501148338;B
20240201;101614;2935.500000000;9;9501148339;B
20240201;101614;2936.000000000;4;9501148340;B
20240201;101614;2936.000000000;1;9501148341;B
20240201;101614;2936.000000000;5;9501148342;B
20240201;101614;2936.000000000;75;9501148343;B
20240201;101614;2936.000000000;4;9501148344;B
20240201;101614;2936.500000000;4;9501148345;B
20240201;101614;2936.500000000;85;9501148346;B
20240201;101614;2936.500000000;30;9501148347;B
20240201;101614;2936.500000000;3;9501148348;B
20240201;101614;2936.500000000;30;9501148349;B
20240201;101614;2937.000000000;2;9501148350;B
20240201;101614;2937.000000000;4;9501148351;B
20240201;101614;2937.000000000;147;9501148352;B
20240201;101614;2936.500000000;10;9501148353;B
20240201;101614;2934.500000000;11;9501148403;S
20240201;101614;2936.500000000;1;9501148404;B
20240201;101614;2934.500000000;12;9501148445;S
20240201;101615;2934.500000000;6;9501148549;S
20240201;101615;2936.000000000;1;9501148573;B
20240201;101615;2936.000000000;1;9501148574;B
20240201;101615;2936.000000000;3;9501148600;S
20240201;101615;2936.000000000;2;9501148608;B
20240201;101615;2936.000000000;6;9501148609;B
20240201;101616;2935.000000000;5;9501148890;B
20240201;101617;2934.500000000;2;9501149004;S
20240201;101617;2935.000000000;18;9501149093;B
20240201;101619;2935.000000000;3;9501149329;B
20240201;101620;2935.000000000;11;9501149434;B
20240201;101620;2935.000000000;1;9501149446;B
20240201;101621;2935.000000000;1;9501149502;B
20240201;101622;2934.500000000;35;9501149750;B
20240201;101622;2934.500000000;59;9501149751;B
20240201;101622;2935.000000000;6;9501149752;B
20240201;101625;2934.000000000;1;9501150294;B
20240201;101629;2933.500000000;5;9501150955;B
20240201;101632;2933.500000000;30;9501151377;B
20240201;101632;2934.000000000;9;9501151378;B
20240201;101632;2934.000000000;60;9501151379;B
20240201;101632;2934.000000000;1;9501151380;B
20240201;101634;2933.500000000;35;9501151788;B
20240201;101634;2934.000000000;26;9501151789;B
20240201;101634;2934.000000000;9;9501151790;B
20240201;101634;2934.500000000;1;9501151791;B
20240201;101634;2934.500000000;28;9501151792;B
20240201;101634;2935.000000000;1;9501151793;B
20240201;101636;2934.500000000;1;9501152066;B
20240201;101636;2934.500000000;5;9501152155;B
20240201;101636;2934.500000000;29;9501152185;B
20240201;101636;2935.000000000;71;9501152186;B
20240201;101637;2934.500000000;9;9501152257;B
20240201;101637;2935.000000000;1;9501152258;B
20240201;101637;2935.000000000;2;9501152259;B
20240201;101638;2935.000000000;5;9501152547;B
20240201;101638;2934.500000000;1;9501152619;S
20240201;101639;2935.000000000;1;9501152709;B
20240201;101640;2935.000000000;13;9501152795;B
20240201;101640;2935.000000000;1;9501152826;B
20240201;101640;2934.500000000;4;9501152841;S
20240201;101640;2934.500000000;2;9501152902;B
20240201;101641;2934.500000000;11;9501152929;B
20240201;101641;2934.500000000;4;9501152930;B
20240201;101641;2934.500000000;7;9501152935;B
20240201;101641;2934.500000000;1;9501152985;B
20240201;101641;2934.000000000;5;9501152993;S
20240201;101641;2932.500000000;2;9501152994;S
20240201;101641;2932.500000000;1;9501152995;S
20240201;101645;2934.000000000;1;9501153686;B
20240201;101645;2934.000000000;1;9501153687;B
20240201;101645;2934.500000000;1;9501153688;B
20240201;101645;2935.000000000;63;9501153689;B
20240201;101645;2935.000000000;1;9501153690;B
20240201;101645;2935.000000000;100;9501153691;B
20240201;101645;2935.000000000;10;9501153692;B
20240201;101645;2935.000000000;1;9501153693;B
20240201;101645;2935.000000000;3;9501153694;B
20240201;101645;2935.000000000;3;9501153695;B
20240201;101645;2935.000000000;1;9501153696;B
20240201;101645;2935.000000000;115;9501153697;B
20240201;101646;2934.500000000;4;9501153771;B
20240201;101646;2934.500000000;2;9501153772;B
20240201;101646;2935.000000000;94;9501153773;B
20240201;101648;2935.000000000;100;9501154059;B
20240201;101648;2935.000000000;5;9501154076;B
20240201;101648;2934.500000000;2;9501154080;S
20240201;101648;2934.500000000;29;9501154081;S
20240201;101648;2934.000000000;47;9501154082;S
20240201;101649;2934.000000000;5;9501154188;B
20240201;101649;2934.000000000;1;9501154325;B
20240201;101649;2934.000000000;4;9501154371;B
20240201;101650;2934.000000000;5;9501154508;B
20240201;101650;2934.000000000;11;9501154510;B
20240201;101650;2934.000000000;1;9501154541;B
20240201;101650;2934.000000000;13;9501154550;B
20240201;101650;2934.000000000;5;9501154572;B
20240201;101650;2934.000000000;6;9501154573;B
20240201;101651;2934.000000000;3;9501154586;B
20240201;101651;2934.000000000;5;9501154691;B
20240201;101651;2934.000000000;1;9501154732;B
20240201;101651;2934.000000000;2;9501154733;B
20240201;101651;2933.500000000;1;9501154737;S
20240201;101652;2934.000000000;2;9501154747;B
20240201;101652;2934.000000000;1;9501154821;B
20240201;101652;2934.000000000;5;9501154891;B
20240201;101652;2934.000000000;1;9501154929;B
20240201;101653;2934.000000000;5;9501155016;B
20240201;101653;2933.500000000;1;9501155030;S
20240201;101653;2934.000000000;1;9501155062;B
20240201;101653;2934.000000000;1;9501155064;B
20240201;101653;2934.000000000;1;9501155083;B
20240201;101654;2934.000000000;1;9501155259;B
20240201;101654;2934.000000000;1;9501155266;B
20240201;101655;2934.000000000;5;9501155365;B
20240201;101655;2934.000000000;1;9501155384;B
20240201;101655;2933.500000000;1;9501155446;S
20240201;101655;2934.000000000;2;9501155471;B
20240201;101656;2934.000000000;3;9501155516;B
20240201;101656;2934.500000000;2;9501155517;B
20240201;101656;2934.500000000;5;9501155569;B
20240201;101657;2934.500000000;3;9501155663;B
20240201;101657;2934.500000000;2;9501155664;B
20240201;101657;2934.500000000;2;9501155739;B
20240201;101657;2935.000000000;3;9501155740;B
20240201;101658;2935.000000000;14;9501155939;B
20240201;101658;2935.000000000;5;9501155947;B
20240201;101658;2935.000000000;50;9501155978;B
20240201;101658;2935.000000000;2;9501155984;B
20240201;101658;2935.000000000;3;9501155991;B
20240201;101658;2935.000000000;2;9501156004;B
20240201;101659;2935.000000000;1;9501156037;B
20240201;101659;2935.000000000;8;9501156092;B
20240201;101659;2935.000000000;2;9501156093;B
20240201;101659;2935.000000000;1;9501156100;B
20240201;101659;2935.000000000;45;9501156101;B
20240201;101659;2935.000000000;1;9501156102;B
20240201;101659;2935.000000000;6;9501156103;B
20240201;101659;2935.000000000;4;9501156182;B
20240201;101659;2935.000000000;1;9501156183;B
20240201;101700;2935.500000000;2;9501156199;B
20240201;101700;2934.500000000;2;9501156300;S
20240201;101700;2935.500000000;5;9501156319;B
20240201;101701;2935.500000000;1;9501156436;B
20240201;101702;2935.000000000;5;9501156529;S
20240201;101702;2935.000000000;1;9501156553;B
20240201;101702;2935.000000000;1;9501156586;B
20240201;101702;2935.000000000;1;9501156588;B
20240201;101702;2935.000000000;1;9501156599;B
20240201;101703;2935.000000000;1;9501156678;B
20240201;101703;2935.000000000;1;9501156712;B
20240201;101703;2935.000000000;1;9501156766;B
20240201;101703;2935.000000000;1;9501156779;B
20240201;101703;2935.000000000;2;9501156782;B
20240201;101703;2935.000000000;1;9501156783;B
20240201;101704;2935.000000000;5;9501156897;B
20240201;101704;2935.000000000;1;9501156974;B
20240201;101704;2935.000000000;1;9501156979;B
20240201;101704;2935.000000000;1;9501156992;B
20240201;101704;2935.000000000;21;9501156998;B
20240201;101704;2935.000000000;1;9501157001;B
20240201;101705;2935.000000000;1;9501157031;B
20240201;101705;2935.000000000;3;9501157044;B
20240201;101705;2935.000000000;2;9501157072;B
20240201;101705;2935.000000000;1;9501157079;B
20240201;101705;2935.000000000;5;9501157144;B
20240201;101706;2935.000000000;2;9501157309;B
20240201;101706;2935.000000000;1;9501157338;B
20240201;101706;2935.000000000;2;9501157390;B
20240201;101706;2935.000000000;2;9501157412;B
20240201;101707;2935.000000000;4;9501157465;B
20240201;101707;2935.000000000;5;9501157466;B
20240201;101707;2935.000000000;1;9501157480;B
20240201;101707;2935.500000000;1;9501157485;B
20240201;101708;2934.500000000;3;9501157752;S
20240201;101708;2934.000000000;6;9501157753;S
20240201;101708;2933.500000000;8;9501157754;S
20240201;101708;2935.000000000;1;9501157887;B
20240201;101711;2935.000000000;1;9501158188;B
20240201;101711;2935.000000000;1;9501158189;B
20240201;101711;2935.000000000;49;9501158252;B
20240201;101711;2935.000000000;10;9501158253;B
20240201;101711;2935.500000000;9;9501158254;B
20240201;101711;2935.500000000;9;9501158255;B
20240201;101711;2936.000000000;165;9501158256;B
20240201;101711;2936.000000000;20;9501158257;B
20240201;101711;2936.000000000;50;9501158258;B
20240201;101711;2936.000000000;201;9501158259;B
20240201;101711;2936.000000000;27;9501158260;B
20240201;101711;2936.500000000;20;9501158261;B
20240201;101711;2936.500000000;85;9501158262;B
20240201;101711;2936.500000000;1;9501158263;B
20240201;101711;2937.000000000;253;9501158264;B
20240201;101711;2937.000000000;1;9501158265;B
20240201;101711;2937.000000000;49;9501158266;B
20240201;101711;2937.000000000;100;9501158267;B
20240201;101711;2937.000000000;2;9501158268;B
20240201;101711;2937.000000000;4;9501158269;B
20240201;101711;2937.000000000;1;9501158270;B
20240201;101711;2937.000000000;1;9501158271;B
20240201;101711;2937.000000000;17;9501158272;B
20240201;101711;2937.000000000;2;9501158273;B
20240201;101711;2937.000000000;30;9501158274;B
20240201;101711;2937.500000000;5;9501158275;B
20240201;101711;2937.500000000;2;9501158276;B
20240201;101711;2937.500000000;1;9501158277;B
20240201;101711;2937.500000000;25;9501158278;B
20240201;101711;2938.000000000;15;9501158279;B
20240201;101711;2938.000000000;1;9501158280;B
20240201;101711;2938.000000000;1;9501158281;B
20240201;101711;2938.000000000;5;9501158282;B
20240201;101711;2938.000000000;3;9501158283;B
20240201;101711;2938.000000000;12;9501158284;B
20240201;101711;2938.000000000;2;9501158285;B
20240201;101711;2938.000000000;37;9501158286;B
20240201;101711;2935.500000000;1;9501158343;S
20240201;101711;2935.500000000;2;9501158344;S
20240201;101713;2937.500000000;5;9501158621;B
20240201;101714;2937.500000000;5;9501158819;B
20240201;101714;2937.500000000;17;9501158894;B
20240201;101715;2938.000000000;33;9501158904;B
20240201;101715;2938.000000000;5;9501158905;B
20240201;101715;2938.000000000;1;9501158906;B
20240201;101715;2938.000000000;24;9501158907;B
20240201;101715;2937.500000000;30;9501158950;S
20240201;101715;2938.000000000;3;9501158953;B
20240201;101715;2937.500000000;15;9501159013;S
20240201;101715;2938.000000000;3;9501159030;B
20240201;101715;2938.000000000;2;9501159031;B
20240201;101715;2938.000000000;1;9501159032;B
20240201;101715;2938.000000000;150;9501159033;B
20240201;101715;2938.000000000;10;9501159034;B
20240201;101715;2938.000000000;7;9501159035;B
20240201;101715;2938.500000000;1;9501159036;B
20240201;101715;2938.500000000;5;9501159037;B
20240201;101715;2938.500000000;1;9501159038;B
20240201;101715;2938.500000000;1;9501159039;B
20240201;101715;2938.500000000;14;9501159040;B
20240201;101715;2938.500000000;1;9501159041;B
20240201;101715;2938.500000000;85;9501159042;B
20240201;101715;2938.500000000;9;9501159043;B
20240201;101715;2939.000000000;2;9501159056;B
20240201;101715;2939.000000000;3;9501159073;B
20240201;101715;2939.000000000;4;9501159074;B
20240201;101715;2938.500000000;4;9501159096;S
20240201;101715;2938.500000000;1;9501159109;S
20240201;101716;2938.500000000;15;9501159128;S
20240201;101716;2939.000000000;1;9501159207;B
20240201;101716;2938.500000000;1;9501159215;S
20240201;101717;2939.000000000;20;9501159315;B
20240201;101717;2939.000000000;10;9501159316;B
20240201;101717;2939.000000000;13;9501159317;B
20240201;101717;2939.000000000;30;9501159318;B
20240201;101717;2939.000000000;2;9501159319;B
20240201;101717;2939.000000000;1;9501159320;B
20240201;101717;2939.000000000;1;9501159321;B
20240201;101717;2939.000000000;32;9501159322;B
20240201;101717;2939.000000000;35;9501159323;B
20240201;101717;2939.000000000;26;9501159324;B
20240201;101717;2938.500000000;2;9501159395;S
20240201;101717;2939.000000000;2;9501159401;B
20240201;101718;2939.000000000;1;9501159794;B
20240201;101720;2939.000000000;1;9501160039;B
20240201;101721;2938.500000000;56;9501160255;S
20240201;101722;2939.000000000;270;9501160372;B
20240201;101722;2939.000000000;1;9501160373;B
20240201;101722;2939.000000000;10;9501160374;B
20240201;101722;2939.000000000;1;9501160375;B
20240201;101722;2939.000000000;20;9501160376;B
20240201;101722;2939.000000000;25;9501160377;B
20240201;101722;2939.000000000;2;9501160378;B
20240201;101722;2939.000000000;1;9501160379;B
20240201;101722;2939.500000000;2;9501160380;B
20240201;101722;2939.500000000;1;9501160381;B
20240201;101722;2939.500000000;3;9501160382;B
20240201;101722;2939.500000000;5;9501160383;B
20240201;101722;2939.500000000;20;9501160384;B
20240201;101722;2939.500000000;250;9501160385;B
20240201;101722;2939.500000000;9;9501160386;B
20240201;101722;2939.500000000;85;9501160387;B
20240201;101722;2940.000000000;1;9501160388;B
20240201;101722;2940.000000000;7;9501160389;B
20240201;101722;2940.000000000;1;9501160390;B
20240201;101722;2940.000000000;1;9501160391;B
20240201;101722;2940.000000000;1;9501160392;B
20240201;101722;2940.000000000;3;9501160393;B
20240201;101722;2940.000000000;5;9501160394;B
20240201;101722;2940.000000000;5;9501160395;B
20240201;101722;2940.000000000;6;9501160396;B
20240201;101722;2940.000000000;1;9501160397;B
20240201;101722;2940.000000000;15;9501160398;B
20240201;101722;2940.000000000;151;9501160399;B
20240201;101722;2940.000000000;34;9501160400;B
20240201;101722;2940.000000000;1;9501160401;B
20240201;101722;2940.000000000;1;9501160402;B
20240201;101722;2940.000000000;2;9501160403;B
20240201;101722;2940.000000000;50;9501160404;B
20240201;101722;2940.000000000;500;9501160405;B
20240201;101722;2940.000000000;10;9501160406;B
20240201;101723;2939.500000000;1;9501160550;B
20240201;101723;2939.500000000;1;9501160551;B
20240201;101723;2939.500000000;23;9501160622;B
20240201;101724;2939.000000000;1;9501160718;S
20240201;101724;2939.500000000;1;9501160743;B
20240201;101724;2939.500000000;1;9501160752;B
20240201;101724;2939.500000000;2;9501160753;B
20240201;101724;2939.000000000;1;9501160770;S
20240201;101725;2939.500000000;1;9501161167;B
20240201;101726;2939.500000000;1;9501161355;B
20240201;101726;2939.000000000;15;9501161388;S
20240201;101726;2939.500000000;5;9501161395;B
20240201;101726;2939.500000000;5;9501161432;B
20240201;101727;2939.500000000;5;9501161506;B
20240201;101727;2939.500000000;5;9501161579;B
20240201;101727;2939.500000000;2;9501161633;B
20240201;101728;2939.000000000;1;9501161668;S
20240201;101728;2939.500000000;5;9501161669;B
20240201;101728;2939.500000000;10;9501161759;B
20240201;101729;2939.500000000;3;9501161848;B
20240201;101729;2939.500000000;1;9501161849;B
20240201;101729;2939.500000000;36;9501161850;B
20240201;101730;2939.500000000;1;9501161978;B
20240201;101730;2939.500000000;1;9501162038;B
20240201;101731;2939.000000000;5;9501162130;S
20240201;101731;2939.500000000;1;9501162240;B
20240201;101732;2939.000000000;11;9501162455;S
20240201;101733;2939.000000000;4;9501162592;S
20240201;101733;2939.000000000;13;9501162593;S
20240201;101733;2938.500000000;54;9501162594;S
20240201;101733;2939.000000000;10;9501162620;B
20240201;101733;2939.000000000;49;9501162693;B
20240201;101733;2939.000000000;85;9501162694;B
20240201;101733;2939.000000000;10;9501162695;S
20240201;101733;2939.000000000;250;9501162836;S
20240201;101733;2939.500000000;10;9501162854;B
20240201;101733;2939.000000000;1215;9501162872;S
20240201;101734;2939.500000000;19;9501162918;B
20240201;101734;2939.500000000;50;9501163015;B
20240201;101734;2939.500000000;5;9501163018;B
20240201;101734;2939.500000000;50;9501163032;B
20240201;101734;2939.500000000;10;9501163073;B
20240201;101735;2939.500000000;217;9501163075;B
20240201;101735;2939.500000000;1;9501163076;B
20240201;101735;2939.500000000;32;9501163077;B
20240201;101735;2939.500000000;8;9501163127;B
20240201;101735;2939.500000000;25;9501163128;B
20240201;101735;2939.500000000;30;9501163129;B
20240201;101735;2939.500000000;26;9501163130;B
20240201;101735;2939.500000000;20;9501163131;B
20240201;101735;2940.000000000;1;9501163132;B
20240201;101735;2940.000000000;1;9501163133;B
20240201;101735;2940.000000000;4;9501163134;B
20240201;101735;2940.000000000;6;9501163135;B
20240201;101735;2940.000000000;5;9501163136;B
20240201;101735;2940.000000000;3;9501163137;B
20240201;101735;2940.000000000;350;9501163138;B
20240201;101735;2940.000000000;5;9501163139;B
20240201;101735;2940.000000000;1;9501163140;B
20240201;101735;2940.000000000;7;9501163141;B
20240201;101735;2940.000000000;8;9501163142;B
20240201;101735;2939.500000000;1;9501163143;S
20240201;101736;2940.000000000;10;9501163297;B
20240201;101736;2940.000000000;1;9501163303;B
20240201;101737;2939.500000000;33;9501163385;S
20240201;101737;2939.500000000;60;9501163386;S
20240201;101737;2939.500000000;1;9501163387;S
20240201;101737;2939.500000000;5;9501163388;S
20240201;101737;2939.500000000;1;9501163464;B
20240201;101737;2940.000000000;1;9501163473;B
20240201;101737;2940.000000000;1;9501163474;B
20240201;101737;2940.000000000;6;9501163516;B
20240201;101737;2940.000000000;5;9501163517;B
20240201;101737;2940.000000000;1;9501163518;B
20240201;101737;2940.000000000;4;9501163519;B
20240201;101737;2940.000000000;1;9501163520;B
20240201;101737;2940.000000000;1;9501163521;B
20240201;101737;2940.000000000;6;9501163522;B
20240201;101737;2940.000000000;1;9501163523;B
20240201;101737;2940.000000000;1;9501163524;B
20240201;101737;2940.000000000;5;9501163525;B
20240201;101737;2940.000000000;3;9501163526;B
20240201;101737;2940.000000000;4;9501163527;B
20240201;101737;2940.000000000;1;9501163528;B
20240201;101737;2940.000000000;1;9501163529;B
20240201;101737;2940.000000000;45;9501163530;B
20240201;101737;2940.000000000;4;9501163531;B
20240201;101737;2940.000000000;20;9501163532;B
20240201;101737;2940.000000000;12;9501163533;B
20240201;101739;2940.000000000;50;9501163828;B
20240201;101739;2940.000000000;20;9501163837;B
20240201;101740;2940.000000000;2;9501163895;B
20240201;101740;2939.500000000;17;9501163943;S
20240201;101740;2939.500000000;8;9501163944;S
20240201;101740;2939.500000000;1;9501163945;S
20240201;101740;2939.000000000;4;9501163946;S
20240201;101741;2939.500000000;3;9501164137;S
20240201;101741;2940.000000000;1;9501164202;B
20240201;101742;2940.000000000;100;9501164250;B
20240201;101742;2940.000000000;10;9501164290;B
20240201;101743;2939.500000000;5;9501164493;S
20240201;101743;2939.500000000;10;9501164494;S
20240201;101743;2939.500000000;35;9501164495;S
20240201;101743;2939.500000000;3;9501164496;S
20240201;101743;2939.500000000;10;9501164497;S
20240201;101743;2939.000000000;28;9501164498;S
20240201;101744;2940.000000000;1;9501164523;B
20240201;101744;2939.500000000;1;9501164542;S
20240201;101744;2940.000000000;5;9501164610;B
20240201;101744;2940.000000000;51;9501164656;B
20240201;101744;2940.000000000;20;9501164657;B
20240201;101744;2940.000000000;1;9501164658;B
20240201;101746;2940.500000000;5;9501164875;B
20240201;101746;2940.000000000;10;9501164936;S
20240201;101746;2940.000000000;7;9501164948;S
20240201;101747;2940.000000000;6;9501164990;S
20240201;101747;2940.000000000;10;9501165068;S
20240201;101747;2940.000000000;2;9501165124;S
20240201;101748;2940.000000000;3;9501165173;S
20240201;101748;2940.500000000;1;9501165193;B
20240201;101748;2940.000000000;14;9501165196;S
20240201;101748;2940.500000000;2;9501165216;B
20240201;101748;2940.500000000;2;9501165318;B
20240201;101748;2940.500000000;5;9501165337;B
20240201;101748;2940.500000000;2;9501165338;B
20240201;101748;2940.500000000;3;9501165339;B
20240201;101748;2940.500000000;1;9501165343;B
20240201;101749;2940.500000000;4;9501165483;B
20240201;101750;2940.500000000;3;9501165767;B
20240201;101750;2940.500000000;1;9501165891;B
20240201;101751;2940.500000000;1;9501165939;B
20240201;101751;2940.500000000;1;9501165957;B
20240201;101751;2940.500000000;1;9501165958;B
20240201;101751;2940.500000000;4;9501166054;B
20240201;101751;2940.500000000;1;9501166063;B
20240201;101752;2940.000000000;1;9501166104;S
20240201;101752;2940.000000000;4;9501166105;S
20240201;101752;2940.000000000;6;9501166118;S
20240201;101752;2940.500000000;1;9501166128;B
20240201;101752;2940.500000000;4;9501166156;B
20240201;101752;2940.500000000;20;9501166157;B
20240201;101752;2941.000000000;1;9501166158;B
20240201;101752;2941.000000000;3;9501166160;B
20240201;101753;2940.000000000;1;9501166378;S
20240201;101754;2940.500000000;1;9501166405;B
20240201;101755;2940.000000000;2;9501166671;S
20240201;101755;2940.500000000;4;9501166689;B
20240201;101755;2940.000000000;2;9501166837;S
20240201;101756;2940.000000000;1;9501167180;S
20240201;101756;2940.000000000;5;9501167181;S
20240201;101756;2940.000000000;2;9501167182;S
20240201;101757;2939.500000000;1;9501167276;S
20240201;101757;2939.000000000;1179;9501167277;S
20240201;101757;2939.000000000;120;9501167280;S
20240201;101757;2939.000000000;50;9501167281;S
20240201;101757;2939.000000000;250;9501167283;S
20240201;101757;2939.000000000;60;9501167284;S
20240201;101757;2938.500000000;5;9501167309;S
20240201;101757;2938.500000000;10;9501167312;S
20240201;101757;2938.500000000;10;9501167313;S
20240201;101757;2938.500000000;1;9501167316;S
20240201;101757;2939.000000000;1;9501167331;B
20240201;101757;2938.500000000;420;9501167340;S
20240201;101758;2938.500000000;10;9501167428;S
20240201;101758;2939.000000000;2;9501167441;B
20240201;101758;2938.500000000;5;9501167451;S
20240201;101758;2938.500000000;47;9501167485;S
20240201;101758;2938.500000000;69;9501167487;S
20240201;101758;2935.500000000;7;9501167503;S
20240201;101758;2935.500000000;53;9501167504;S
20240201;101759;2937.000000000;5;9501167638;B
20240201;101759;2935.000000000;5;9501167641;S
20240201;101759;2935.000000000;50;9501167642;S
20240201;101759;2934.500000000;17;9501167643;S
20240201;101759;2934.500000000;11;9501167644;S
20240201;101759;2934.000000000;17;9501167645;S
20240201;101800;2934.000000000;1;9501167721;S
20240201;101802;2934.000000000;1;9501168172;S
20240201;101803;2934.500000000;1;9501168191;B
20240201;101803;2934.500000000;1;9501168192;B
20240201;101803;2935.000000000;1;9501168228;B
20240201;101803;2934.000000000;85;9501168251;S
20240201;101804;2934.000000000;4;9501168432;B
20240201;101812;2936.000000000;1;9501169716;B
20240201;101812;2936.000000000;3;9501169774;B
20240201;101812;2934.000000000;4;9501169791;S
20240201;101812;2934.000000000;5;9501169792;S
20240201;101812;2936.000000000;25;9501169847;B
20240201;101812;2936.500000000;25;9501169848;B
20240201;101814;2934.500000000;1;9501170075;B
20240201;101814;2934.000000000;1;9501170208;S
20240201;101814;2934.500000000;1;9501170220;B
20240201;101814;2934.500000000;1;9501170230;B
20240201;101814;2936.000000000;1;9501170231;B
20240201;101816;2935.000000000;1;9501170406;B
20240201;101816;2935.000000000;2;9501170409;B
20240201;101816;2937.500000000;11;9501170410;B
20240201;101816;2937.500000000;6;9501170411;B
20240201;101816;2938.000000000;8;9501170412;B
20240201;101817;2935.000000000;2;9501170696;B
20240201;101817;2935.500000000;3;9501170757;S
20240201;101818;2936.000000000;1;9501170916;B
20240201;101818;2937.000000000;1;9501170917;B
20240201;101818;2937.500000000;11;9501170918;B
20240201;101818;2938.000000000;14;9501170919;B
20240201;101818;2938.000000000;11;9501170920;B
20240201;101826;2938.000000000;1;9501172127;B
20240201;101826;2938.500000000;11;9501172128;B
20240201;101826;2939.000000000;38;9501172129;B
20240201;101827;2936.500000000;104;9501172328;S
20240201;101827;2936.500000000;35;9501172329;S
20240201;101827;2936.500000000;12;9501172330;S
20240201;101828;2938.000000000;1;9501172569;B
20240201;101829;2938.000000000;3;9501172769;B
20240201;101830;2938.000000000;6;9501172971;B
20240201;101833;2938.000000000;1;9501173393;B
20240201;101834;2938.000000000;1;9501173696;B
20240201;101834;2937.000000000;1;9501173814;B
20240201;101834;2937.000000000;1;9501173852;B
20240201;101835;2937.000000000;2;9501173885;B
20240201;101836;2937.500000000;1;9501174161;B
20240201;101837;2937.500000000;1;9501174412;B
20240201;101839;2937.000000000;5;9501174824;B
20240201;101839;2936.000000000;1;9501174983;S
20240201;101839;2936.000000000;50;9501174984;S
20240201;101839;2936.000000000;20;9501174985;S
20240201;101839;2936.000000000;7;9501174986;S
20240201;101839;2936.000000000;12;9501174987;S
20240201;101840;2937.000000000;26;9501174995;B
20240201;101840;2937.500000000;24;9501174996;B
20240201;101844;2937.500000000;3;9501175975;B
20240201;101844;2937.500000000;14;9501175976;B
20240201;101845;2937.500000000;2;9501176215;B
20240201;101846;2937.500000000;1;9501176346;B
20240201;101848;2938.000000000;2;9501176647;B
20240201;101848;2937.500000000;18;9501176696;B
20240201;101848;2937.500000000;10;9501176762;B
20240201;101849;2937.000000000;1;9501176853;S
20240201;101850;2937.500000000;1;9501176956;B
20240201;101850;2937.500000000;19;9501177029;B
20240201;101850;2937.500000000;8;9501177030;B
20240201;101851;2937.000000000;11;9501177107;B
20240201;101851;2937.000000000;2;9501177213;B
20240201;101851;2937.000000000;1;9501177274;B
20240201;101852;2936.500000000;1;9501177356;S
20240201;101852;2937.000000000;4;9501177382;B
20240201;101852;2937.000000000;3;9501177388;B
20240201;101853;2937.000000000;1;9501177491;B
20240201;101854;2937.000000000;2;9501177821;B
20240201;101854;2937.000000000;1;9501177822;B
20240201;101855;2937.000000000;1;9501177968;B
20240201;101856;2936.500000000;13;9501178177;S
20240201;101857;2937.000000000;1;9501178314;B
20240201;101858;2937.000000000;2;9501178434;B
20240201;101858;2937.000000000;1;9501178533;B
20240201;101858;2937.000000000;1;9501178543;B
20240201;101858;2937.000000000;1;9501178544;B
20240201;101858;2937.000000000;1;9501178545;B
20240201;101859;2937.000000000;11;9501178632;B
20240201;101859;2937.500000000;44;9501178633;B
20240201;101859;2937.500000000;1;9501178634;B
20240201;101859;2938.000000000;6;9501178635;B
20240201;101859;2938.000000000;10;9501178636;B
20240201;101859;2938.000000000;1;9501178637;B
20240201;101859;2938.000000000;50;9501178638;B
20240201;101859;2938.000000000;17;9501178639;B
20240201;101902;2937.000000000;1;9501179189;S
20240201;101903;2937.000000000;6;9501179416;S
20240201;101903;2937.000000000;1;9501179430;S
20240201;101903;2938.000000000;1;9501179592;B
20240201;101904;2937.500000000;1;9501179781;S
20240201;101904;2938.000000000;1;9501179855;B
20240201;101905;2938.000000000;1;9501179985;B
20240201;101905;2938.000000000;2;9501180049;B
20240201;101905;2938.000000000;12;9501180051;B
20240201;101906;2938.000000000;8;9501180116;B
20240201;101906;2938.000000000;11;9501180238;B
20240201;101906;2938.000000000;2;9501180252;B
20240201;101906;2938.000000000;2;9501180293;B
20240201;101907;2938.000000000;2;9501180375;B
20240201;101907;2937.500000000;1;9501180406;S
20240201;101908;2938.000000000;1;9501180488;B
20240201;101909;2937.500000000;33;9501180578;S
20240201;101909;2937.500000000;10;9501180579;S
20240201;101910;2938.000000000;1;9501180780;B
20240201;101911;2938.000000000;1;9501181080;B
20240201;101912;2938.000000000;1;9501181260;B
20240201;101913;2937.500000000;2;9501181612;S
20240201;101915;2938.000000000;2;9501181927;B
20240201;101916;2938.000000000;9;9501182136;B
20240201;101916;2938.000000000;3;9501182174;B
20240201;101916;2938.000000000;40;9501182175;B
20240201;101916;2938.000000000;167;9501182176;B
20240201;101916;2937.500000000;1;9501182289;S
20240201;101917;2937.500000000;32;9501182379;S
20240201;101917;2937.500000000;5;9501182380;S
20240201;101917;2938.000000000;4;9501182545;B
20240201;101918;2938.000000000;23;9501182628;B
20240201;101918;2937.500000000;10;9501182633;S
20240201;101918;2937.500000000;5;9501182634;S
20240201;101918;2937.500000000;1;9501182658;S
20240201;101918;2938.000000000;6;9501182662;B
20240201;101918;2938.000000000;58;9501182663;B
20240201;101918;2938.000000000;7;9501182743;B
20240201;101918;2938.000000000;1;9501182836;B
20240201;101919;2938.000000000;4;9501182878;B
20240201;101919;2938.000000000;4;9501183023;B
20240201;101920;2938.000000000;1;9501183094;B
20240201;101920;2937.500000000;1;9501183116;S
20240201;101920;2938.000000000;3;9501183173;B
20240201;101921;2938.000000000;2;9501183201;B
20240201;101921;2937.500000000;8;9501183353;S
20240201;101922;2938.000000000;20;9501183503;B
20240201;101922;2938.000000000;30;9501183504;B
20240201;101922;2938.000000000;50;9501183505;B
20240201;101922;2938.000000000;2;9501183531;B
20240201;101923;2937.500000000;1;9501183678;S
20240201;101924;2938.000000000;2;9501183831;B
20240201;101924;2937.500000000;7;9501183900;S
