<DATE>;<TIME>;<LAST>;<VOL>;<ID>;<OPER>
20240227;095956;3138.5;2;9702587736;B
20240227;095956;3138.5;2;9702587737;S
20240227;095956;3138.5;10;9702587738;S
20240227;095956;3138.5;10;9702587739;S
20240227;095956;3138.5;10;9702587740;B
20240227;095956;3138.5;1;9702587741;S
20240227;095956;3138.5;1;9702587742;S
20240227;095956;3138.5;1;9702587743;B
20240227;095956;3138.5;20;9702587744;B
20240227;095956;3138.5;4;9702587745;B
20240227;095956;3138.5;10;9702587746;S
20240227;095956;3138.5;1;9702587747;S
20240227;095956;3138.5;2;9702587748;S
20240227;095956;3138.5;3;9702587749;S
20240227;095956;3138.5;1;9702587750;B
20240227;095956;3138.5;1;9702587751;B
20240227;095956;3138.5;1;9702587752;S
20240227;095956;3138.5;1;9702587753;B
20240227;095956;3138.5;3;9702587754;S
20240227;095956;3138.5;1;9702587755;B
20240227;095956;3138.5;6;9702587756;S
20240227;095956;3138.5;4;9702587757;S
20240227;095956;3138.5;1;9702587758;B
20240227;095956;3138.5;1;9702587759;B
20240227;095956;3138.5;1;9702587760;B
20240227;095956;3138.5;1;9702587761;B
20240227;095956;3138.5;1;9702587762;B
20240227;095956;3138.5;10;9702587763;B
20240227;095956;3138.5;2;9702587764;S
20240227;095956;3138.5;1;9702587765;S
20240227;095956;3138.5;4;9702587766;S
20240227;095956;3138.5;82;9702587767;S
20240227;095956;3138.5;9;9702587768;S
20240227;095956;3138.5;38;9702587769;B
20240227;095956;3138.5;3;9702587770;B
20240227;095956;3138.5;2;9702587771;B
20240227;095956;3138.5;1;9702587772;B
20240227;095956;3138.5;1;9702587773;B
20240227;095956;3138.5;3;9702587774;S
20240227;095956;3138.5;8;9702587775;S
20240227;095956;3138.5;2;9702587776;S
20240227;100000;3138.5;20;9702588204;B
20240227;100000;3138.5;20;9702588212;B
20240227;100000;3138.5;80;9702588253;B
20240227;100000;3138.5;50;9702588280;B
20240227;100000;3135.5;3;9702588298;S
20240227;100000;3135;8;9702588624;S
20240227;100000;3135.5;1;9702588739;B
20240227;100000;3135.5;1;9702588746;B
20240227;100000;3135;4;9702589009;S
20240227;100001;3135.5;5;9702589515;B
20240227;100001;3135.5;5;9702589516;B
20240227;100001;3135.5;1;9702589517;B
20240227;100001;3135;3;9702589581;S
20240227;100001;3135;1;9702589582;S
20240227;100001;3135;1;9702589583;S
20240227;100001;3135;4;9702589584;S
20240227;100001;3135;21;9702589585;S
20240227;100001;3137.5;5;9702589674;B
20240227;100001;3137.5;1;9702589715;S
20240227;100001;3137.5;1;9702589901;S
20240227;100001;3138;2;9702590143;B
20240227;100001;3138;6;9702590144;B
20240227;100001;3138;1;9702590174;B
20240227;100001;3138;5;9702590185;B
20240227;100001;3137.5;1;9702590221;S
20240227;100001;3138;20;9702590265;B
20240227;100001;3138;16;9702590266;B
20240227;100001;3137.5;5;9702590335;S
20240227;100001;3138;134;9702590378;B
20240227;100001;3138.5;66;9702590379;B
20240227;100001;3137.5;37;9702590400;S
20240227;100001;3137;4;9702590401;S
20240227;100001;3137;49;9702590402;S
20240227;100001;3137;29;9702590404;S
20240227;100001;3138;32;9702590419;B
20240227;100001;3138.5;43;9702590420;B
20240227;100001;3137;30;9702590506;S
20240227;100001;3136.5;8;9702590507;S
20240227;100001;3136.5;5;9702590508;S
20240227;100001;3135.5;2;9702590509;S
20240227;100001;3135.5;7;9702590567;S
20240227;100002;3135.5;2;9702591193;S
20240227;100002;3135.5;6;9702591288;S
20240227;100005;3138;2;9702593264;B
20240227;100006;3135.5;1;9702595020;S
20240227;100006;3138;1;9702595165;B
20240227;100006;3135.5;1;9702595502;S
20240227;100006;3135.5;2;9702595503;S
20240227;100010;3136;1;9702597470;S
20240227;100010;3137;5;9702597516;B
20240227;100011;3137;18;9702597753;B
20240227;100011;3138;29;9702597754;B
20240227;100011;3138.5;25;9702597755;B
20240227;100011;3138.5;14;9702597756;B
20240227;100011;3138.5;6;9702597763;B
20240227;100011;3138.5;34;9702597861;B
20240227;100011;3138.5;3;9702597955;B
20240227;100011;3138.5;1;9702597961;B
20240227;100011;3138.5;2;9702597981;B
20240227;100012;3136;2;9702598211;S
20240227;100012;3135.5;1;9702598212;S
20240227;100012;3135.5;10;9702598213;S
20240227;100012;3135.5;33;9702598214;S
20240227;100013;3135.5;20;9702598605;S
20240227;100013;3138.5;32;9702598656;B
20240227;100015;3135.5;2;9702599158;S
20240227;100015;3135.5;2;9702599354;S
20240227;100017;3135.5;3;9702599717;S
20240227;100017;3135.5;1;9702599729;S
20240227;100018;3138.5;25;9702599939;B
20240227;100018;3138.5;4;9702600005;B
20240227;100018;3138.5;16;9702600012;B
20240227;100019;3138.5;3;9702600303;B
20240227;100019;3137.5;30;9702600398;B
20240227;100019;3138;3;9702600399;B
20240227;100019;3138.5;2;9702600400;B
20240227;100021;3138.5;1;9702600692;B
20240227;100021;3135.5;9;9702600693;S
20240227;100021;3135.5;11;9702600782;S
20240227;100021;3135;7;9702600783;S
20240227;100021;3135;32;9702600784;S
20240227;100021;3135;13;9702600785;S
20240227;100022;3135;1;9702600950;S
20240227;100023;3135.5;6;9702601393;S
20240227;100028;3136.5;1;9702602699;S
20240227;100028;3139;1;9702602767;B
20240227;100032;3139;9;9702603864;B
20240227;100032;3139;1;9702603865;B
20240227;100032;3139;10;9702603866;B
20240227;100033;3136.5;1;9702604042;S
20240227;100033;3139;35;9702604140;B
20240227;100034;3136.5;2;9702604219;S
20240227;100034;3136.5;1;9702604220;S
20240227;100034;3136.5;6;9702604221;S
20240227;100034;3137;6;9702604265;S
20240227;100034;3136.5;4;9702604299;S
20240227;100034;3136.5;10;9702604352;S
20240227;100034;3136.5;3;9702604445;S
20240227;100034;3139;36;9702604494;B
20240227;100034;3136.5;1;9702604586;S
20240227;100034;3136.5;10;9702604680;S
20240227;100034;3136.5;2;9702604743;S
20240227;100035;3139;25;9702604860;B
20240227;100035;3139;7;9702604861;B
20240227;100035;3139;100;9702604862;B
20240227;100035;3139;10;9702604863;B
20240227;100035;3139;7;9702604864;B
20240227;100035;3139.5;3;9702605009;B
20240227;100038;3140;1;9702605792;B
20240227;100038;3140;1;9702605793;B
20240227;100038;3140;3;9702605794;B
20240227;100038;3140;20;9702605872;B
20240227;100039;3140;5;9702606026;B
20240227;100040;3140;22;9702606360;B
20240227;100040;3140;1;9702606361;B
20240227;100040;3140;1;9702606362;B
20240227;100040;3140;25;9702606363;B
20240227;100040;3140;1;9702606364;B
20240227;100041;3140;2;9702606730;B
20240227;100042;3140;7;9702606789;B
20240227;100042;3140;1;9702606790;B
20240227;100042;3140;8;9702606791;B
20240227;100042;3140;1;9702606792;B
20240227;100042;3140;7;9702606793;B
20240227;100042;3140;2;9702606794;B
20240227;100042;3140;1;9702606795;B
20240227;100042;3140;3;9702606796;B
20240227;100042;3140;1;9702606797;B
20240227;100042;3140;1;9702606798;B
20240227;100042;3140;1;9702606799;B
20240227;100042;3140;50;9702606800;B
20240227;100042;3140;4;9702606801;B
20240227;100042;3140;2;9702606802;B
20240227;100042;3140;2;9702606803;B
20240227;100042;3140;7;9702606804;B
20240227;100042;3140;1;9702606805;B
20240227;100042;3140.5;1;9702606806;B
20240227;100043;3140;10;9702607188;B
20240227;100043;3141;1;9702607189;B
20240227;100043;3142;1;9702607190;B
20240227;100043;3142;8;9702607191;B
20240227;100044;3139.5;1;9702607276;S
20240227;100044;3138.5;1;9702607452;S
20240227;100045;3140;12;9702607485;B
20240227;100046;3140;55;9702607770;B
20240227;100047;3140;1;9702607871;B
20240227;100049;3140;1;9702608623;B
20240227;100052;3139.5;9;9702609449;B
20240227;100052;3140;14;9702609450;B
20240227;100052;3140;77;9702609451;B
20240227;100052;3139;20;9702609472;S
20240227;100054;3139.5;50;9702610032;B
20240227;100054;3139.5;5;9702610089;B
20240227;100058;3139.5;100;9702611277;B
20240227;100100;3138.5;2;9702611518;S
20240227;100100;3139;4;9702611759;S
20240227;100101;3139;1;9702611834;S
20240227;100101;3139;1;9702611881;S
20240227;100101;3139.5;2;9702611952;B
20240227;100101;3139;2;9702612057;S
20240227;100102;3139;192;9702612069;S
20240227;100102;3139;5;9702612070;S
20240227;100102;3139;3;9702612071;S
20240227;100103;3138.5;37;9702612399;S
20240227;100103;3138.5;1;9702612400;S
20240227;100108;3138.5;14;9702613842;B
20240227;100108;3138.5;5;9702613843;B
20240227;100108;3138.5;1;9702614085;S
20240227;100109;3139;30;9702614377;B
20240227;100110;3139;5;9702614656;B
20240227;100110;3139;1;9702614657;B
20240227;100110;3139;5;9702614658;B
20240227;100110;3139.5;12;9702614659;B
20240227;100110;3140;6;9702614660;B
20240227;100111;3138.5;10;9702614858;S
20240227;100111;3138.5;5;9702614859;S
20240227;100111;3138;5;9702614860;S
20240227;100111;3138;5;9702614861;S
20240227;100111;3138;32;9702614862;S
20240227;100111;3137.5;23;9702614863;S
20240227;100112;3139.5;1;9702614975;B
20240227;100115;3138;1;9702615502;S
20240227;100115;3138.5;5;9702615504;B
20240227;100115;3139;15;9702615505;B
20240227;100125;3138.5;10;9702617694;S
20240227;100125;3138.5;10;9702617695;S
20240227;100125;3138;14;9702617696;S
20240227;100125;3138;5;9702617697;S
20240227;100125;3138;4;9702617698;S
20240227;100126;3137.5;7;9702617837;S
20240227;100126;3137;50;9702617838;S
20240227;100126;3137;35;9702617839;S
20240227;100126;3136.5;2;9702617840;S
20240227;100126;3136.5;50;9702617841;S
20240227;100126;3136.5;50;9702617842;S
20240227;100126;3136.5;4;9702617843;S
20240227;100126;3136.5;6;9702617844;S
20240227;100126;3136.5;1;9702617885;S
20240227;100131;3137;1;9702618736;B
20240227;100131;3138.5;1;9702618739;B
20240227;100133;3136.5;5;9702619042;S
20240227;100133;3136;4;9702619043;S
20240227;100133;3136;1;9702619044;S
20240227;100133;3135.5;1;9702619045;S
20240227;100133;3135.5;1;9702619046;S
20240227;100133;3135.5;130;9702619047;S
20240227;100133;3135.5;18;9702619048;S
20240227;100135;3137.5;32;9702619777;B
20240227;100135;3138;10;9702619778;B
20240227;100135;3138;21;9702619779;B
20240227;100135;3138.5;38;9702619780;B
20240227;100135;3139;50;9702619781;B
20240227;100136;3139;24;9702619884;B
20240227;100139;3136;50;9702620463;S
20240227;100139;3136;4;9702620464;S
20240227;100139;3135.5;73;9702620465;S
20240227;100144;3135.5;1;9702621311;S
20240227;100145;3135.5;7;9702621458;S
20240227;100146;3135.5;14;9702621564;S
20240227;100146;3135;121;9702621565;S
20240227;100146;3135;20;9702621566;S
20240227;100146;3135;10;9702621567;S
20240227;100146;3135;1;9702621568;S
20240227;100146;3135;14;9702621569;S
20240227;100146;3135;4;9702621570;S
20240227;100146;3134.5;194;9702621571;S
20240227;100146;3135;1;9702621784;S
20240227;100147;3135;1;9702621968;S
20240227;100149;3135.5;1;9702622417;S
20240227;100150;3135;16;9702622702;S
20240227;100150;3135;2;9702622703;S
20240227;100150;3134.5;5;9702622704;S
20240227;100152;3135;1;9702623041;S
20240227;100152;3135;1;9702623091;S
20240227;100154;3135;8;9702623355;S
20240227;100156;3134.5;10;9702623740;S
20240227;100159;3134.5;15;9702624136;S
20240227;100202;3136.5;3;9702624801;B
20240227;100202;3136.5;27;9702624802;B
20240227;100203;3136.5;25;9702624980;B
20240227;100207;3135;63;9702626013;S
20240227;100207;3134.5;76;9702626014;S
20240227;100207;3134.5;4;9702626015;S
20240227;100208;3134;50;9702626135;S
20240227;100208;3134;17;9702626136;S
20240227;100208;3134;2;9702626137;S
20240227;100208;3134;1;9702626138;S
20240227;100210;3135;1;9702626672;S
20240227;100211;3134;2;9702626729;S
20240227;100211;3134;10;9702626922;S
20240227;100211;3134;2;9702626984;S
20240227;100212;3134;2;9702627039;S
20240227;100213;3134;6;9702627400;S
20240227;100214;3134;3;9702627625;S
20240227;100215;3134;2;9702627767;S
20240227;100215;3135.5;5;9702627828;B
20240227;100216;3134;2;9702627910;S
20240227;100216;3134;1;9702628043;S
20240227;100217;3134;1;9702628338;S
20240227;100218;3133.5;1;9702628499;S
20240227;100218;3133.5;1;9702628507;S
20240227;100218;3133.5;1;9702628508;S
20240227;100218;3133;2;9702628524;S
20240227;100218;3133;25;9702628525;S
20240227;100218;3133;1;9702628526;S
20240227;100218;3133;2;9702628527;S
20240227;100218;3133;10;9702628528;S
20240227;100218;3133;2;9702628529;S
20240227;100218;3133;2;9702628530;S
20240227;100218;3133;48;9702628531;S
20240227;100218;3133;2;9702628532;S
20240227;100218;3133;156;9702628533;S
20240227;100219;3133;144;9702628841;S
20240227;100219;3133;1;9702628842;S
20240227;100219;3133;1;9702628843;S
20240227;100219;3132.5;4;9702628844;S
20240227;100220;3132.5;5;9702629132;S
20240227;100220;3132.5;2;9702629133;S
20240227;100220;3132.5;3;9702629134;S
20240227;100220;3132.5;6;9702629135;S
20240227;100220;3132.5;34;9702629136;S
20240227;100221;3133;2;9702629351;B
20240227;100221;3133.5;3;9702629352;B
20240227;100223;3132.5;1;9702629724;S
20240227;100228;3133;1;9702630932;B
20240227;100231;3132.5;1;9702631797;S
20240227;100237;3134;2;9702632929;B
20240227;100237;3134;2;9702632930;B
20240227;100239;3133;10;9702633252;S
20240227;100244;3133;97;9702634080;S
20240227;100244;3133;116;9702634100;S
20240227;100245;3133;37;9702634233;B
20240227;100245;3133;5;9702634249;B
20240227;100245;3132.5;50;9702634341;S
20240227;100246;3133;1;9702634533;B
20240227;100247;3132.5;14;9702634605;S
20240227;100247;3132.5;1;9702634606;S
20240227;100247;3132;1;9702634607;S
20240227;100247;3132;1;9702634608;S
20240227;100247;3132;33;9702634609;S
20240227;100247;3132;6;9702634693;S
20240227;100247;3131.5;4;9702634694;S
20240227;100247;3131;10;9702634695;S
20240227;100250;3131;1;9702635107;S
20240227;100251;3132;3;9702635353;B
20240227;100251;3132;4;9702635354;B
20240227;100252;3132.5;1;9702635486;B
20240227;100253;3132.5;1;9702635643;B
20240227;100253;3132;3;9702635647;S
20240227;100255;3131;5;9702636007;S
20240227;100255;3131;24;9702636008;S
20240227;100255;3131;21;9702636010;B
20240227;100256;3132;2;9702636297;B
20240227;100256;3132;32;9702636298;B
20240227;100256;3132;1;9702636299;B
20240227;100259;3131;4;9702636813;S
20240227;100259;3131;17;9702636829;S
20240227;100300;3131;8;9702636853;S
20240227;100300;3131;1;9702636854;S
20240227;100301;3131.5;2;9702637028;B
20240227;100302;3131;14;9702637212;S
20240227;100302;3131;12;9702637267;S
20240227;100303;3131;23;9702637349;S
20240227;100303;3131.5;1;9702637441;B
20240227;100304;3131;50;9702637541;S
20240227;100304;3131;46;9702637542;S
20240227;100304;3131;2;9702637672;S
20240227;100306;3131.5;1;9702638129;B
20240227;100307;3131.5;3;9702638266;B
20240227;100307;3131;8;9702638321;S
20240227;100310;3131.5;3;9702639083;B
20240227;100310;3131.5;9;9702639084;B
20240227;100310;3131.5;1;9702639161;B
20240227;100310;3131.5;14;9702639162;B
20240227;100310;3131.5;8;9702639166;B
20240227;100310;3131;1;9702639194;S
20240227;100310;3131.5;6;9702639195;B
20240227;100311;3131.5;7;9702639281;B
20240227;100312;3131;1;9702639446;S
20240227;100313;3131;14;9702639927;S
20240227;100313;3131.5;15;9702639928;B
20240227;100313;3132;5;9702639929;B
20240227;100315;3131.5;3;9702640251;S
20240227;100318;3131.5;3;9702640760;S
20240227;100318;3131.5;2;9702640761;S
20240227;100333;3131.5;5;9702643746;S
20240227;100336;3131.5;1;9702644389;S
20240227;100340;3131;2;9702645221;S
20240227;100340;3132.5;1;9702645258;B
20240227;100353;3131;20;9702647524;S
20240227;100359;3131;6;9702648809;S
20240227;100359;3131;24;9702648810;S
20240227;100359;3131;20;9702648812;S
20240227;100359;3131;6;9702648813;S
20240227;100359;3131;5;9702648814;S
20240227;100400;3131;59;9702649149;B
20240227;100400;3131.5;5;9702649150;B
20240227;100400;3131.5;4;9702649151;B
20240227;100400;3132;32;9702649152;B
20240227;100403;3130;2;9702649662;S
20240227;100403;3130;1;9702649663;S
20240227;100403;3130;1;9702649664;S
20240227;100403;3130;10;9702649665;S
20240227;100403;3130;10;9702649666;S
20240227;100403;3130;1;9702649667;S
20240227;100405;3130.5;5;9702650039;B
20240227;100414;3131;3;9702651857;B
20240227;100424;3131.5;5;9702654217;S
20240227;100424;3131.5;2;9702654218;S
20240227;100425;3131.5;5;9702654347;S
20240227;100427;3131.5;5;9702654930;S
20240227;100429;3131;2;9702655256;S
20240227;100429;3131;60;9702655257;S
20240227;100429;3131;5;9702655258;S
20240227;100429;3131;3;9702655259;S
20240227;100429;3130.5;22;9702655260;S
20240227;100429;3130.5;32;9702655261;S
20240227;100429;3130;44;9702655262;S
20240227;100429;3130;10;9702655263;S
20240227;100429;3130;1;9702655264;S
20240227;100429;3130;3;9702655265;S
20240227;100429;3129.5;10;9702655266;S
20240227;100429;3129.5;2;9702655267;S
20240227;100429;3129.5;2;9702655268;S
20240227;100429;3129.5;32;9702655269;S
20240227;100429;3129.5;36;9702655270;S
20240227;100429;3129;36;9702655271;S
20240227;100433;3130;1;9702656056;S
20240227;100433;3130;4;9702656057;S
20240227;100437;3130;2;9702656885;B
20240227;100437;3130;2;9702656907;B
20240227;100437;3130;1;9702656999;B
20240227;100441;3130.5;2;9702657654;B
20240227;100442;3130.5;1;9702657960;B
20240227;100442;3130.5;2;9702658018;B
20240227;100451;3130;25;9702659821;S
20240227;100451;3130;5;9702659822;S
20240227;100451;3130;6;9702659824;B
20240227;100451;3130;5;9702659864;B
20240227;100452;3129.5;3;9702660116;S
20240227;100453;3129.5;2;9702660227;S
20240227;100453;3129.5;3;9702660321;B
20240227;100454;3129.5;1;9702660443;B
20240227;100456;3129.5;2;9702660656;B
20240227;100456;3129.5;1;9702660657;B
20240227;100459;3129.5;15;9702661250;B
20240227;100459;3129.5;8;9702661280;B
20240227;100459;3129.5;1;9702661358;B
20240227;100501;3129.5;3;9702661650;B
20240227;100502;3129;1;9702661862;S
20240227;100503;3129;10;9702662035;S
20240227;100504;3129;1;9702662256;S
20240227;100505;3129;331;9702662461;S
20240227;100505;3129.5;1;9702662601;B
20240227;100505;3129;10;9702662673;S
20240227;100506;3129;4;9702662797;S
20240227;100506;3129;100;9702662835;S
20240227;100506;3129;4;9702662837;S
20240227;100506;3129;2;9702662875;S
20240227;100508;3129;1;9702663303;S
20240227;100508;3129;1;9702663304;S
20240227;100508;3129;1;9702663305;S
20240227;100508;3129;1;9702663306;S
20240227;100508;3129;46;9702663307;S
20240227;100508;3129;4;9702663415;S
20240227;100508;3129;1;9702663416;S
20240227;100508;3129;1;9702663417;S
20240227;100509;3129;3;9702663493;S
20240227;100511;3128;1;9702663910;S
20240227;100511;3127.5;1;9702663932;S
20240227;100511;3127.5;14;9702663933;S
20240227;100511;3128;1;9702663958;B
20240227;100514;3127;1;9702664489;S
20240227;100514;3127;1;9702664490;S
20240227;100514;3126.5;1;9702664491;S
20240227;100514;3126.5;7;9702664492;S
20240227;100515;3126.5;35;9702664588;S
20240227;100515;3126.5;67;9702664640;S
20240227;100515;3126;5;9702664641;S
20240227;100515;3126;1;9702664642;S
20240227;100515;3125.5;1;9702664643;S
20240227;100515;3125.5;29;9702664644;S
20240227;100515;3125.5;5;9702664645;S
20240227;100515;3125;47;9702664646;S
20240227;100515;3125;7;9702664647;S
20240227;100515;3125;1;9702664648;S
20240227;100515;3125;10;9702664649;S
20240227;100515;3125;1;9702664650;S
20240227;100515;3124.5;1;9702664651;S
20240227;100515;3124.5;19;9702664652;S
20240227;100515;3124;10;9702664653;S
20240227;100515;3124;1;9702664654;S
20240227;100515;3124;30;9702664655;S
20240227;100515;3123.5;1;9702664656;S
20240227;100515;3123.5;35;9702664657;S
20240227;100515;3123;1;9702664658;S
20240227;100515;3123;1;9702664659;S
20240227;100515;3123;1;9702664660;S
20240227;100515;3123;1;9702664661;S
20240227;100515;3123;3;9702664662;S
20240227;100515;3123;1;9702664663;S
20240227;100515;3123;32;9702664664;S
20240227;100515;3122.5;4;9702664665;S
20240227;100515;3122.5;1;9702664666;S
20240227;100515;3122.5;20;9702664667;S
20240227;100515;3122.5;23;9702664668;S
20240227;100515;3122;1;9702664669;S
20240227;100515;3122;28;9702664670;S
20240227;100516;3122;13;9702664781;S
20240227;100516;3122;5;9702664802;S
20240227;100517;3123;12;9702665111;B
20240227;100519;3125;25;9702665462;S
20240227;100519;3123;75;9702665463;S
20240227;100533;3126.5;5;9702668615;B
20240227;100533;3126;25;9702668708;S
20240227;100533;3126;5;9702668709;S
20240227;100534;3126;7;9702668898;B
20240227;100535;3125.5;5;9702669051;S
20240227;100536;3125;1;9702669256;S
20240227;100536;3125;4;9702669257;S
20240227;100537;3125;2;9702669441;S
20240227;100538;3125;5;9702669600;B
20240227;100539;3126;58;9702669832;B
20240227;100540;3126.5;1;9702670142;S
20240227;100540;3125.5;6;9702670143;S
20240227;100548;3129;2;9702671485;B
20240227;100556;3127.5;2;9702672639;S
20240227;100556;3127.5;1;9702672699;S
20240227;100559;3127.5;27;9702673253;S
20240227;100603;3127.5;2;9702673823;S
20240227;100603;3127.5;1;9702673869;S
20240227;100604;3127.5;2;9702673951;S
20240227;100604;3127;1;9702673952;S
20240227;100604;3126.5;1;9702673953;S
20240227;100604;3126;5;9702673954;S
20240227;100604;3125.5;24;9702673955;S
20240227;100613;3126;1;9702675514;S
20240227;100613;3126;3;9702675515;S
20240227;100617;3125.5;1;9702676233;S
20240227;100617;3127.5;1;9702676278;B
20240227;100619;3125.5;3;9702676609;S
20240227;100622;3127.5;1;9702677097;B
20240227;100629;3127.5;18;9702678032;B
20240227;100629;3128;5;9702678033;B
20240227;100629;3128.5;30;9702678034;B
20240227;100629;3129;8;9702678035;B
20240227;100629;3129;2;9702678036;B
20240227;100629;3129;5;9702678037;B
20240227;100629;3129;8;9702678038;B
20240227;100629;3129;96;9702678039;B
20240227;100629;3129;96;9702678040;B
20240227;100634;3129.5;3;9702678929;B
20240227;100634;3129.5;3;9702678930;B
20240227;100634;3129.5;6;9702678931;B
20240227;100634;3130;424;9702678932;B
20240227;100634;3130;1;9702678933;B
20240227;100634;3130;2;9702678934;B
20240227;100635;3132;3;9702679134;B
20240227;100635;3132.5;47;9702679135;B
20240227;100636;3132.5;28;9702679245;B
20240227;100636;3133;22;9702679246;B
20240227;100639;3132.5;3;9702679604;B
20240227;100641;3133;5;9702679761;B
20240227;100642;3133;3;9702679877;B
20240227;100642;3133;1;9702679878;B
20240227;100642;3133.5;42;9702679879;B
20240227;100642;3133.5;4;9702679882;S
20240227;100648;3134;10;9702681022;B
20240227;100648;3134.5;5;9702681023;B
20240227;100648;3134.5;3;9702681050;B
20240227;100650;3134.5;3;9702681257;B
20240227;100651;3134.5;30;9702681542;B
20240227;100651;3135;1;9702681543;B
20240227;100651;3135;16;9702681544;B
20240227;100651;3135;2;9702681545;B
20240227;100651;3135;41;9702681546;B
20240227;100655;3134;1;9702682095;S
20240227;100655;3133;1;9702682096;S
20240227;100717;3134;5;9702685554;B
20240227;100717;3134.5;1;9702685590;B
20240227;100718;3134;1;9702685628;S
20240227;100718;3134.5;1;9702685683;B
20240227;100718;3134.5;29;9702685684;B
20240227;100718;3134;1;9702685685;S
20240227;100728;3133;31;9702687234;S
20240227;100728;3133;19;9702687235;S
20240227;100728;3133;1;9702687236;S
20240227;100728;3132.5;97;9702687237;S
20240227;100728;3132.5;4;9702687238;S
20240227;100729;3132.5;6;9702687372;B
20240227;100732;3132.5;1;9702687700;B
20240227;100734;3132.5;2;9702687929;B
20240227;100734;3132;1;9702687992;S
20240227;100734;3131;1;9702687993;S
20240227;100734;3131;2;9702687994;S
20240227;100734;3132.5;1;9702688005;B
20240227;100736;3132.5;17;9702688291;B
20240227;100743;3131;1;9702689820;S
20240227;100743;3131;2;9702689821;S
20240227;100746;3131;1;9702690423;S
20240227;100751;3131;1;9702691162;B
20240227;100751;3132;5;9702691163;B
20240227;100751;3132.5;4;9702691164;B
20240227;100759;3131;3;9702692618;S
20240227;100801;3132.5;10;9702692852;B
20240227;100801;3131;1;9702692962;S
20240227;100801;3131;5;9702692963;S
20240227;100801;3130.5;32;9702692964;S
20240227;100801;3130.5;96;9702692965;S
20240227;100801;3130;16;9702692966;S
20240227;100806;3131;7;9702693946;S
20240227;100806;3131;10;9702694078;S
20240227;100806;3131;13;9702694125;S
20240227;100806;3130.5;5;9702694126;S
20240227;100806;3130;232;9702694127;S
20240227;100808;3130;50;9702694386;S
20240227;100808;3130;2;9702694491;S
20240227;100808;3130;10;9702694492;S
20240227;100808;3129.5;5;9702694493;S
20240227;100808;3129;13;9702694494;S
20240227;100808;3129;30;9702694519;S
20240227;100808;3129;30;9702694535;S
20240227;100808;3129;2;9702694556;S
20240227;100810;3129;150;9702694727;S
20240227;100810;3130.5;1;9702694745;B
20240227;100811;3129;205;9702694869;S
20240227;100811;3129;59;9702694881;S
20240227;100812;3130;1;9702695198;S
20240227;100813;3130;1;9702695320;S
20240227;100813;3130;2;9702695321;S
20240227;100815;3130;1;9702695749;S
20240227;100816;3129.5;3;9702695983;B
20240227;100818;3129;4;9702696309;S
20240227;100819;3129;50;9702696470;S
20240227;100819;3129;50;9702696558;S
20240227;100820;3129;139;9702696632;S
20240227;100820;3126;6;9702696666;S
20240227;100820;3126;8;9702696667;S
20240227;100821;3125.5;1;9702696983;S
20240227;100821;3125.5;35;9702696984;S
20240227;100822;3128.5;32;9702697333;B
20240227;100822;3128.5;30;9702697334;B
20240227;100822;3128.5;2;9702697335;B
20240227;100826;3125.5;1;9702698255;S
20240227;100830;3125.5;5;9702699044;S
20240227;100833;3125.5;30;9702699411;S
20240227;100835;3125.5;1;9702699748;S
20240227;100838;3125.5;2;9702700436;S
20240227;100839;3125.5;1;9702700562;S
20240227;100839;3125.5;10;9702700680;S
20240227;100839;3125.5;6;9702700681;S
20240227;100839;3125;1;9702700682;S
20240227;100839;3125;1;9702700683;S
20240227;100839;3125;25;9702700684;S
20240227;100839;3125;1;9702700685;S
20240227;100839;3125;5;9702700686;S
20240227;100839;3124.5;1;9702700687;S
20240227;100839;3124.5;1;9702700688;S
20240227;100839;3124;1;9702700689;S
20240227;100839;3124;98;9702700690;S
20240227;100840;3124;2;9702700800;S
20240227;100840;3123.5;10;9702700801;S
20240227;100840;3123.5;1;9702700802;S
20240227;100840;3123.5;6;9702700803;S
20240227;100840;3123;1;9702700804;S
20240227;100840;3123;1;9702700805;S
20240227;100840;3123;38;9702700806;S
20240227;100840;3123;1;9702700807;S
20240227;100840;3123;5;9702700808;S
20240227;100840;3122.5;1;9702700809;S
20240227;100840;3122.5;2;9702700810;S
20240227;100840;3122.5;1;9702700811;S
20240227;100840;3122;1;9702700812;S
20240227;100840;3122;3;9702700813;S
20240227;100840;3122;1;9702700814;S
20240227;100840;3122;50;9702700815;S
20240227;100840;3122;26;9702700816;S
20240227;100841;3124;5;9702700834;B
20240227;100841;3125;3;9702700835;B
20240227;100842;3125;5;9702700991;S
20240227;100842;3125;5;9702701062;S
20240227;100842;3125.5;1;9702701065;B
20240227;100843;3125;2;9702701151;S
20240227;100843;3125;1;9702701152;S
20240227;100843;3123;1;9702701153;B
20240227;100843;3123;1;9702701154;B
20240227;100843;3123;5;9702701245;B
20240227;100846;3123.5;5;9702701817;B
20240227;100847;3123;5;9702702099;B
20240227;100847;3122.5;5;9702702104;S
20240227;100848;3123;5;9702702344;B
20240227;100849;3123.5;20;9702702435;S
20240227;100854;3125;4;9702703439;B
20240227;100855;3125;1;9702703502;S
20240227;100855;3123.5;2;9702703503;S
20240227;100856;3124;25;9702703724;S
20240227;100856;3123.5;30;9702703725;S
20240227;100856;3123.5;10;9702703726;S
20240227;100904;3123.5;32;9702704882;S
20240227;100904;3123.5;1;9702704883;S
20240227;100910;3123.5;2;9702705992;S
20240227;100912;3123.5;8;9702706332;S
20240227;100918;3123.5;5;9702708221;B
20240227;100919;3123;3;9702708297;S
20240227;100923;3123.5;1;9702709175;B
20240227;100924;3123.5;10;9702709386;B
20240227;100927;3125.5;1;9702709962;B
20240227;100929;3125.5;9;9702710392;B
20240227;100929;3125.5;5;9702710393;B
20240227;100931;3125.5;2;9702710674;B
20240227;100932;3123.5;1;9702710888;S
20240227;100932;3123.5;1;9702710889;S
20240227;100932;3123.5;1;9702710890;S
20240227;100932;3123.5;2;9702710891;S
20240227;100932;3123;14;9702710892;S
20240227;100936;3123.5;14;9702711619;S
20240227;100938;3125.5;8;9702712038;B
20240227;100938;3125.5;2;9702712039;B
20240227;100938;3126;5;9702712040;B
20240227;100938;3126;25;9702712041;B
20240227;100938;3126;5;9702712042;B
20240227;100938;3127;5;9702712043;B
20240227;100939;3127;25;9702712087;B
20240227;100939;3127.5;39;9702712088;B
20240227;100941;3124;1;9702712630;S
20240227;100941;3123.5;14;9702712631;S
20240227;100941;3123.5;85;9702712632;S
20240227;100945;3126.5;1;9702713626;B
20240227;100945;3127;25;9702713627;B
20240227;100945;3127;5;9702713628;B
20240227;100945;3128;30;9702713629;B
20240227;100945;3128;3;9702713630;B
20240227;100948;3128;1;9702714051;B
20240227;100954;3125.5;2;9702715506;S
20240227;100955;3125.5;30;9702715689;S
20240227;100955;3125;70;9702715690;S
20240227;101000;3125.5;1;9702717210;S
20240227;101001;3127.5;1;9702717237;B
20240227;101010;3125.5;4;9702719346;S
20240227;101011;3125.5;1;9702719431;S
20240227;101011;3125.5;1;9702719432;S
20240227;101011;3125.5;2;9702719577;S
20240227;101013;3125.5;1;9702720515;S
20240227;101014;3125.5;1;9702720561;S
20240227;101015;3125;1;9702721014;S
20240227;101015;3125;5;9702721015;S
20240227;101015;3125;1;9702721016;S
20240227;101015;3125;3;9702721017;S
20240227;101015;3125;25;9702721018;S
20240227;101015;3125;5;9702721019;S
20240227;101015;3125;1;9702721126;B
20240227;101017;3125;14;9702721434;B
20240227;101020;3124.5;1;9702721837;S
20240227;101020;3125;20;9702721979;B
20240227;101021;3124.5;1;9702722167;S
20240227;101023;3124.5;1;9702722419;S
20240227;101023;3124.5;9;9702722420;S
20240227;101023;3125;16;9702722422;B
20240227;101025;3124.5;1;9702723039;S
20240227;101025;3124.5;4;9702723040;S
20240227;101026;3124.5;1;9702723146;B
20240227;101027;3124.5;2;9702723263;B
20240227;101027;3124;1;9702723345;S
20240227;101028;3124;1;9702723607;S
20240227;101028;3124;1;9702723608;S
20240227;101031;3124;2;9702724187;S
20240227;101031;3124;1;9702724188;S
20240227;101031;3123.5;4;9702724189;S
20240227;101035;3124.5;10;9702724844;B
20240227;101036;3124.5;2;9702724947;B
20240227;101040;3123;30;9702726019;S
20240227;101042;3124.5;2;9702726364;B
20240227;101042;3123;1;9702726372;S
20240227;101043;3123;69;9702726611;S
20240227;101043;3123;124;9702726612;S
20240227;101043;3123;10;9702726613;S
20240227;101046;3123;6;9702727142;B
20240227;101047;3123;1;9702727271;B
20240227;101048;3122.5;1;9702727439;S
20240227;101049;3123;1;9702727530;B
20240227;101049;3122.5;1;9702727708;S
20240227;101050;3123;1;9702727817;B
20240227;101051;3123;1;9702727856;B
20240227;101051;3122.5;1;9702727927;S
20240227;101054;3123;50;9702728384;B
20240227;101054;3122.5;2;9702728399;S
20240227;101055;3123;1;9702728442;B
20240227;101055;3123;41;9702728482;B
20240227;101055;3123;1;9702728498;S
20240227;101113;3123;80;9702731534;S
20240227;101113;3122.5;5;9702731535;S
20240227;101113;3122.5;10;9702731536;S
20240227;101113;3122.5;4;9702731537;S
20240227;101113;3122.5;4;9702731538;S
20240227;101113;3122.5;39;9702731539;S
20240227;101113;3122.5;30;9702731540;S
20240227;101113;3122;10;9702731541;S
20240227;101113;3122;34;9702731542;S
20240227;101113;3122;234;9702731543;S
20240227;101119;3124.5;1;9702732521;B
20240227;101132;3124.5;1;9702734709;B
20240227;101138;3125;5;9702735433;B
20240227;101138;3125;10;9702735434;B
20240227;101138;3125;31;9702735435;B
20240227;101138;3125;34;9702735436;B
20240227;101138;3125;5;9702735437;B
20240227;101143;3127;5;9702736199;B
20240227;101153;3126;3;9702737539;B
20240227;101153;3126;5;9702737540;B
20240227;101153;3126;6;9702737634;B
20240227;101159;3126;1;9702738444;S
20240227;101202;3125.5;1;9702738680;S
20240227;101212;3127;20;9702740147;B
20240227;101215;3126;5;9702740564;S
20240227;101215;3125.5;43;9702740565;S
20240227;101220;3126.5;18;9702741188;B
20240227;101231;3127;8;9702742915;B
20240227;101231;3127;3;9702742916;B
20240227;101232;3127;4;9702743234;B
20240227;101233;3128;1;9702743351;B
20240227;101233;3128.5;3;9702743352;B
20240227;101235;3129;1;9702743642;B
20240227;101235;3127;20;9702743759;B
20240227;101235;3127;79;9702743760;B
20240227;101235;3127;6;9702743779;B
20240227;101236;3127;1;9702743825;B
20240227;101236;3127;1;9702743941;B
20240227;101237;3127;1;9702743968;B
20240227;101238;3127;201;9702744141;B
20240227;101238;3127.5;1;9702744142;B
20240227;101244;3127;4;9702745229;S
20240227;101247;3127;10;9702745654;S
20240227;101251;3129;9;9702746186;B
20240227;101251;3129;15;9702746187;B
20240227;101252;3129.5;9;9702746379;S
20240227;101255;3130;3;9702746821;B
20240227;101259;3130;5;9702747451;B
20240227;101303;3129.5;1;9702748247;S
20240227;101304;3129.5;22;9702748384;S
20240227;101304;3129.5;8;9702748385;S
20240227;101305;3130;2;9702748478;B
20240227;101305;3130;7;9702748479;B
20240227;101305;3130;100;9702748480;B
20240227;101305;3130;38;9702748481;B
20240227;101306;3129.5;3;9702748658;S
20240227;101309;3130;3;9702749185;B
20240227;101316;3130;14;9702750397;B
20240227;101316;3130;10;9702750398;B
20240227;101316;3130;50;9702750399;B
20240227;101316;3130;26;9702750400;B
20240227;101317;3129.5;5;9702750446;S
20240227;101324;3129.5;1;9702752083;S
20240227;101325;3130;10;9702752232;B
20240227;101326;3130;5;9702752554;B
20240227;101331;3129.5;3;9702753326;S
20240227;101331;3129.5;2;9702753327;S
20240227;101331;3129;45;9702753328;S
20240227;101337;3129.5;1;9702754164;B
20240227;101337;3129;5;9702754196;S
20240227;101337;3129;10;9702754197;S
20240227;101338;3128.5;1;9702754238;B
20240227;101338;3128.5;31;9702754254;B
20240227;101338;3129;35;9702754255;B
20240227;101338;3129;5;9702754256;B
20240227;101338;3129.5;24;9702754257;B
20240227;101344;3128;1;9702755045;S
20240227;101346;3126.5;1;9702755201;S
20240227;101346;3126;2;9702755202;S
20240227;101346;3126;2;9702755203;S
20240227;101347;3126;77;9702755340;S
20240227;101347;3125.5;106;9702755341;S
20240227;101347;3125.5;10;9702755342;S
20240227;101347;3125;211;9702755343;S
20240227;101347;3125;25;9702755344;S
20240227;101347;3125;30;9702755345;S
20240227;101347;3124.5;9;9702755346;S
20240227;101347;3124;1;9702755347;S
20240227;101347;3123.5;1;9702755348;S
20240227;101347;3123.5;11;9702755349;S
20240227;101347;3123;1;9702755350;S
20240227;101347;3123;5;9702755351;S
20240227;101347;3123;6;9702755352;S
20240227;101347;3123;25;9702755353;S
20240227;101347;3123;12;9702755354;S
20240227;101347;3123;20;9702755355;S
20240227;101347;3123;3;9702755356;S
20240227;101347;3123;30;9702755357;S
20240227;101347;3122.5;1;9702755358;S
20240227;101347;3122.5;50;9702755359;S
20240227;101347;3122.5;245;9702755360;S
20240227;101347;3122;39;9702755361;S
20240227;101347;3122;10;9702755362;S
20240227;101347;3122;19;9702755363;S
20240227;101347;3122;20;9702755364;S
20240227;101347;3122;5;9702755365;S
20240227;101347;3122;1;9702755366;S
20240227;101347;3122;18;9702755367;S
20240227;101347;3121.5;61;9702755368;S
20240227;101347;3121.5;1;9702755369;S
20240227;101347;3121.5;33;9702755370;S
20240227;101347;3121.5;1;9702755371;S
20240227;101347;3121.5;32;9702755372;S
20240227;101347;3121;1;9702755373;S
20240227;101347;3121;148;9702755374;S
20240227;101347;3121.5;4;9702755380;S
20240227;101348;3124.5;2;9702755590;B
20240227;101357;3124.5;1;9702756753;S
20240227;101413;3125;3;9702758968;S
20240227;101418;3128;1;9702759682;B
20240227;101419;3125.5;1;9702759865;S
20240227;101419;3125.5;1;9702759866;S
20240227;101419;3125;28;9702759867;S
20240227;101422;3127.5;1;9702760426;B
20240227;101428;3127.5;1;9702761440;B
20240227;101428;3125.5;32;9702761496;S
20240227;101428;3125.5;1;9702761497;S
20240227;101428;3125.5;6;9702761498;S
20240227;101428;3125.5;1;9702761499;S
20240227;101428;3125.5;1;9702761500;S
20240227;101428;3125.5;79;9702761501;S
20240227;101428;3125;250;9702761502;S
20240227;101428;3125;25;9702761503;S
20240227;101428;3125;5;9702761504;S
20240227;101428;3124;4;9702761505;S
20240227;101428;3124;6;9702761506;S
20240227;101428;3123.5;48;9702761507;S
20240227;101428;3123;6;9702761508;S
20240227;101428;3122.5;100;9702761509;S
20240227;101428;3122.5;30;9702761510;S
20240227;101428;3122;8;9702761511;S
20240227;101428;3122;20;9702761512;S
20240227;101428;3121.5;10;9702761513;S
20240227;101428;3121.5;1;9702761514;S
20240227;101428;3121.5;1;9702761515;S
20240227;101428;3121.5;20;9702761516;S
20240227;101428;3121.5;10;9702761517;S
20240227;101428;3121.5;30;9702761518;S
20240227;101428;3121.5;25;9702761519;S
20240227;101428;3121.5;1;9702761520;S
20240227;101428;3121;765;9702761521;S
20240227;101429;3125.5;3;9702761631;S
20240227;101429;3125.5;3;9702761632;S
20240227;101431;3125.5;20;9702761878;B
20240227;101431;3125.5;8;9702761895;S
20240227;101432;3125.5;1;9702762124;S
20240227;101433;3125.5;5;9702762162;S
20240227;101435;3125.5;16;9702762434;S
20240227;101435;3125.5;6;9702762435;S
20240227;101435;3125;1;9702762436;S
20240227;101435;3125;6;9702762437;S
20240227;101435;3124.5;79;9702762438;S
20240227;101439;3124;10;9702763101;B
20240227;101442;3124;5;9702763592;B
20240227;101457;3124;1;9702765800;B
20240227;101500;3124;2;9702766333;B
20240227;101508;3124.5;32;9702768034;S
20240227;101510;3126;15;9702768644;B
20240227;101512;3126.5;1;9702768900;B
20240227;101515;3126.5;20;9702769950;B
20240227;101525;3126.5;1;9702772185;B
20240227;101527;3126.5;1;9702772532;B
20240227;101527;3126;1;9702772559;S
20240227;101534;3126;4;9702773847;S
20240227;101603;3124.5;1;9702779652;S
20240227;101605;3124.5;9;9702779954;S
20240227;101605;3124.5;5;9702779955;S
20240227;101605;3124.5;10;9702779956;B
20240227;101605;3124.5;1;9702780067;B
20240227;101605;3124.5;1;9702780070;B
20240227;101607;3124.5;1;9702780327;B
20240227;101607;3124.5;3;9702780421;B
20240227;101611;3124.5;2;9702781091;B
20240227;101614;3124;1;9702781582;S
20240227;101614;3124.5;5;9702781645;B
20240227;101618;3124.5;1;9702782270;B
20240227;101618;3124;5;9702782281;S
20240227;101619;3124.5;3;9702782387;B
20240227;101619;3124;1;9702782447;S
20240227;101619;3124.5;1;9702782466;B
20240227;101619;3124.5;1;9702782497;B
20240227;101619;3124.5;1;9702782508;B
20240227;101621;3124.5;6;9702782695;B
20240227;101625;3124;1;9702783185;S
20240227;101635;3126;4;9702784552;B
20240227;101635;3126;1;9702784553;B
20240227;101635;3126;5;9702784554;B
20240227;101641;3126;32;9702785298;B
20240227;101654;3126;1;9702787084;B
20240227;101654;3126.5;10;9702787085;B
20240227;101654;3126.5;79;9702787086;B
20240227;101654;3126.5;5;9702787087;B
20240227;101706;3127;10;9702788700;B
20240227;101708;3125.5;2;9702788936;S
20240227;101714;3125.5;11;9702789645;S
20240227;101724;3127;50;9702790962;B
20240227;101724;3127;5;9702790963;B
20240227;101744;3125.5;1;9702793561;S
20240227;101756;3127.5;1;9702794845;S
20240227;101756;3127.5;15;9702794934;S
20240227;101756;3127.5;15;9702794935;S
20240227;101757;3128;2;9702795004;B
20240227;101806;3128;1;9702796162;B
20240227;101806;3128;12;9702796163;B
20240227;101806;3128;225;9702796164;B
20240227;101806;3128;6;9702796165;B
20240227;101806;3129;75;9702796166;B
20240227;101819;3128;1;9702797803;S
20240227;101819;3128;6;9702797804;S
20240227;101819;3127.5;9;9702797805;S
20240227;101822;3129;32;9702798080;B
20240227;101826;3128;1;9702798391;S
20240227;101826;3129.5;27;9702798445;B
20240227;101826;3129.5;3;9702798446;B
20240227;101828;3129.5;20;9702798595;B
20240227;101829;3128.5;32;9702798726;S
20240227;101829;3128;19;9702798727;S
20240227;101829;3128;5;9702798728;S
20240227;101831;3127.5;1;9702798954;S
20240227;101833;3129.5;1;9702799150;B
20240227;101844;3129;3;9702800329;B
20240227;101847;3129;2;9702800543;S
20240227;101847;3129;1;9702800627;S
20240227;101851;3129.5;8;9702800953;B
20240227;101852;3129;2;9702801005;S
20240227;101854;3129;1;9702801270;B
20240227;101858;3129;2;9702801595;B
20240227;101859;3129;27;9702801821;S
20240227;101915;3128.5;2;9702803418;S
20240227;101917;3129;3;9702803613;B
20240227;101918;3129;7;9702803703;B
20240227;101922;3129.5;1;9702804114;B
20240227;101926;3128.5;6;9702804491;S
20240227;101926;3128;50;9702804492;S
20240227;101926;3128;1;9702804493;S
20240227;101926;3127.5;23;9702804494;S
20240227;101927;3129;2;9702804615;B
20240227;101929;3129.5;30;9702804773;B
20240227;101956;3129;1;9702807757;B
20240227;102005;3127.5;250;9702808995;S
20240227;102006;3127.5;50;9702809172;S
20240227;102007;3127.5;3;9702809363;S
20240227;102007;3127.5;2;9702809364;S
20240227;102008;3127.5;2;9702809410;S
20240227;102008;3127.5;1;9702809411;S
20240227;102008;3127.5;1;9702809412;S
20240227;102008;3127.5;1;9702809413;S
20240227;102008;3127.5;1;9702809425;B
20240227;102008;3127.5;1;9702809458;B
20240227;102010;3128;2;9702809830;B
20240227;102024;3128;3;9702815205;B
20240227;102025;3128;20;9702815263;B
20240227;102025;3128;6;9702815264;B
20240227;102025;3128;10;9702815265;B
20240227;102025;3128;10;9702815266;B
20240227;102025;3128;10;9702815267;B
20240227;102025;3128;10;9702815268;B
20240227;102027;3127.5;1;9702815628;S
20240227;102027;3127.5;3;9702815629;S
20240227;102027;3127.5;1;9702815630;S
20240227;102027;3127.5;3;9702815638;B
20240227;102027;3127.5;3;9702815641;B
20240227;102027;3127.5;3;9702815646;B
20240227;102027;3127.5;3;9702815659;B
20240227;102027;3127.5;3;9702815665;B
20240227;102027;3127.5;3;9702815678;B
20240227;102027;3127.5;3;9702815689;B
20240227;102027;3127.5;3;9702815704;B
20240227;102027;3127.5;1;9702815708;B
20240227;102029;3127.5;1;9702816919;B
20240227;102030;3127;6;9702817168;S
20240227;102032;3127;1;9702817369;S
20240227;102032;3127;8;9702817457;S
20240227;102038;3127;3;9702821711;B
20240227;102048;3126;4;9702825597;S
20240227;102050;3126;2;9702825746;S
20240227;102100;3126;5;9702829550;S
20240227;102101;3126;2;9702829626;S
20240227;102101;3125.5;3;9702829627;S
20240227;102103;3125.5;2;9702830195;S
20240227;102108;3125;1;9702832167;S
20240227;102109;3125.5;3;9702832829;B
20240227;102112;3125;7;9702833328;S
20240227;102112;3125;50;9702833329;S
20240227;102112;3125;1;9702833330;S
20240227;102112;3125;1;9702833331;S
20240227;102112;3125;1;9702833332;S
20240227;102112;3125;10;9702833333;S
20240227;102112;3125;5;9702833334;S
20240227;102116;3124;9;9702834410;S
20240227;102119;3124.5;1;9702835595;B
20240227;102120;3124.5;1;9702835603;B
20240227;102120;3124.5;1;9702835612;B
20240227;102120;3124.5;1;9702835635;B
20240227;102120;3124.5;1;9702835646;B
20240227;102120;3124.5;1;9702835650;B
20240227;102121;3124;1;9702835757;S
20240227;102124;3124;50;9702837056;S
20240227;102124;3124.5;3;9702837305;B
20240227;102125;3124;1;9702837411;S
20240227;102128;3124.5;1;9702838425;B
20240227;102129;3124.5;5;9702838519;B
20240227;102129;3124;1;9702838929;S
20240227;102129;3124;15;9702838930;S
20240227;102129;3124;1;9702838931;S
20240227;102129;3124;2;9702838932;S
20240227;102129;3124;1;9702838933;S
20240227;102129;3124;30;9702838934;S
20240227;102130;3124;3;9702839249;S
20240227;102133;3124;1;9702839850;B
20240227;102139;3123.5;30;9702842357;S
20240227;102142;3123.5;20;9702843125;S
20240227;102142;3123.5;32;9702843126;S
20240227;102142;3123;10;9702843127;S
20240227;102142;3123;35;9702843128;S
20240227;102143;3123.5;17;9702843215;B
20240227;102152;3123;3;9702846116;S
20240227;102201;3123;42;9702848751;S
20240227;102201;3123;1;9702848752;S
20240227;102201;3123;1;9702848760;B
20240227;102201;3122.5;5;9702848822;S
20240227;102201;3122.5;3;9702848823;S
20240227;102201;3122.5;2;9702848824;S
20240227;102209;3123;4;9702851710;B
20240227;102211;3122.5;3;9702852055;S
20240227;102211;3124;1;9702852261;B
20240227;102212;3122.5;1;9702852815;S
20240227;102223;3123.5;1;9702857525;S
20240227;102229;3123.5;33;9702860722;S
20240227;102232;3123.5;1;9702861297;S
20240227;102233;3123.5;16;9702861384;S
20240227;102233;3123.5;24;9702861385;S
20240227;102244;3124;1;9702865637;B
20240227;102244;3124;5;9702865638;B
20240227;102244;3124;4;9702865639;B
20240227;102244;3124;30;9702865640;B
20240227;102250;3124;2;9702867478;B
20240227;102256;3123.5;1;9702869980;S
20240227;102256;3123.5;5;9702869981;S
20240227;102256;3123.5;1;9702869982;B
20240227;102300;3123.5;8;9702870840;B
20240227;102301;3123.5;1;9702871251;B
20240227;102305;3123;5;9702872966;S
20240227;102305;3123;80;9702872967;S
20240227;102305;3123;1;9702872968;S
20240227;102305;3122.5;1;9702872969;S
20240227;102305;3122.5;25;9702872970;S
20240227;102305;3122;1;9702872971;S
20240227;102305;3122;5;9702872972;S
20240227;102305;3122;5;9702872973;S
20240227;102305;3122;1;9702872974;S
20240227;102305;3122;1;9702872975;S
20240227;102305;3122;2;9702872976;S
20240227;102305;3122;180;9702872977;S
20240227;102305;3122;5;9702872978;S
20240227;102305;3121.5;2;9702872979;S
20240227;102305;3121.5;3;9702872980;S
20240227;102305;3121.5;411;9702872981;S
20240227;102305;3121.5;1;9702872982;S
20240227;102305;3121.5;1;9702872983;S
20240227;102305;3121.5;32;9702872984;S
20240227;102305;3121.5;25;9702872985;S
20240227;102305;3121.5;1;9702872986;S
20240227;102305;3121;87;9702872987;S
20240227;102305;3121;1;9702872988;S
20240227;102305;3121;1000;9702872989;S
20240227;102305;3121;1;9702872990;S
20240227;102305;3121;144;9702872991;S
20240227;102305;3121.5;25;9702872992;S
20240227;102311;3123;1;9702874983;B
20240227;102311;3122;10;9702875102;S
20240227;102311;3121.5;22;9702875103;S
20240227;102316;3121.5;6;9702876411;S
20240227;102316;3121.5;1;9702876476;S
20240227;102323;3122;5;9702878834;B
20240227;102332;3122;4;9702881823;S
20240227;102332;3122;11;9702881824;S
20240227;102332;3122.5;1;9702881865;B
20240227;102332;3123;1;9702881944;B
20240227;102339;3122;1;9702883776;S
20240227;102341;3123;1;9702884740;B
20240227;102343;3123;3;9702885456;B
20240227;102343;3123;7;9702885457;B
20240227;102343;3123.5;1;9702885500;B
20240227;102346;3123.5;3;9702886025;B
20240227;102346;3123.5;1;9702886026;B
20240227;102346;3123.5;12;9702886038;B
20240227;102348;3123.5;2;9702887311;B
20240227;102353;3123.5;1;9702888344;S
20240227;102354;3123.5;4;9702888556;S
20240227;102354;3123.5;1;9702888637;B
20240227;102355;3123;4;9702888661;S
20240227;102355;3123;5;9702888662;S
20240227;102356;3123;1;9702888768;B
20240227;102356;3123;2;9702889006;B
20240227;102400;3123;38;9702890802;B
20240227;102400;3123.5;12;9702890803;B
20240227;102401;3123.5;1;9702891562;B
20240227;102401;3123.5;3;9702891613;B
20240227;102402;3123;1;9702891942;S
20240227;102402;3122.5;1;9702891943;S
20240227;102406;3123.5;2;9702893306;B
20240227;102408;3123.5;3;9702894171;B
20240227;102415;3123.5;4;9702897353;B
20240227;102416;3123.5;3;9702897847;B
20240227;102416;3124;1;9702897848;B
20240227;102416;3123.5;1;9702897960;S
20240227;102417;3124;1;9702898163;B
20240227;102419;3124;4;9702898839;B
20240227;102419;3124;1;9702898840;B
20240227;102419;3124.5;1;9702898841;B
20240227;102419;3124.5;1;9702898842;B
20240227;102419;3125;8;9702898843;B
20240227;102419;3123.5;31;9702899269;S
20240227;102419;3123.5;18;9702899270;S
20240227;102425;3123.5;80;9702900831;S
20240227;102425;3123.5;2;9702900832;S
20240227;102425;3123;9;9702900833;S
20240227;102425;3123;9;9702900834;S
20240227;102425;3123;30;9702900835;S
20240227;102425;3123;15;9702900836;S
20240227;102425;3123;12;9702900876;B
20240227;102428;3123;1;9702901906;B
20240227;102428;3123;6;9702902101;B
20240227;102428;3123;2;9702902105;B
20240227;102430;3123;1;9702903142;B
20240227;102430;3123;13;9702903758;B
20240227;102437;3124.5;2;9702905852;B
20240227;102439;3124;20;9702906295;S
20240227;102439;3123.5;10;9702906296;S
20240227;102447;3124.5;2;9702908834;B
20240227;102447;3125;13;9702908835;B
20240227;102449;3125;6;9702909407;B
20240227;102450;3123.5;2;9702909898;S
20240227;102450;3125;6;9702909929;B
20240227;102451;3123.5;3;9702910050;S
20240227;102451;3125;8;9702910802;B
20240227;102454;3125;3;9702911979;B
20240227;102456;3125;7;9702912723;B
20240227;102457;3125;6;9702912750;B
20240227;102457;3125;4;9702912751;B
20240227;102457;3125;2;9702912752;B
20240227;102457;3125;9;9702912757;B
20240227;102457;3125;10;9702912758;B
20240227;102457;3125;5;9702912759;B
20240227;102457;3125;6;9702912760;B
20240227;102457;3125;11;9702912761;B
20240227;102457;3125;26;9702912762;B
20240227;102457;3125;3;9702912763;B
20240227;102457;3125;10;9702912848;B
20240227;102457;3125;15;9702912922;B
20240227;102458;3125;1;9702913467;B
20240227;102500;3125;2;9702914398;B
20240227;102501;3125;19;9702914608;B
20240227;102501;3125;20;9702914609;B
20240227;102501;3125.5;6;9702914610;B
20240227;102501;3126.5;96;9702914611;B
20240227;102501;3127;9;9702914612;B
20240227;102506;3128;3;9702915467;B
20240227;102506;3128.5;6;9702915468;B
20240227;102506;3128.5;10;9702915469;B
20240227;102506;3128.5;4;9702915470;B
20240227;102506;3129;8;9702915471;B
20240227;102506;3129;19;9702915472;B
20240227;102507;3129;5;9702915680;B
20240227;102507;3125.5;10;9702915692;S
20240227;102511;3129;15;9702918509;B
20240227;102519;3128.5;1;9702922089;B
20240227;102526;3128.5;5;9702924635;B
20240227;102535;3128.5;2;9702928617;B
20240227;102542;3126;2;9702931272;S
20240227;102542;3126;1;9702931273;S
20240227;102542;3126;1;9702931274;S
20240227;102542;3126;4;9702931275;S
20240227;102559;3128.5;5;9702937490;B
20240227;102600;3128.5;20;9702938117;B
20240227;102601;3128.5;3;9702938573;B
20240227;102606;3128.5;3;9702939732;B
20240227;102609;3128.5;1;9702941300;B
20240227;102613;3128;7;9702941843;B
20240227;102620;3127;6;9702943979;B
20240227;102620;3127;4;9702943980;B
20240227;102624;3126.5;2;9702945230;B
20240227;102624;3126.5;8;9702945231;B
20240227;102625;3126.5;1;9702946124;B
20240227;102627;3126;1;9702946563;S
20240227;102637;3126.5;1;9702948181;B
20240227;102637;3127;1;9702948182;B
20240227;102639;3127.5;4;9702948667;B
20240227;102644;3126.5;9;9702949470;B
20240227;102644;3126.5;1;9702949472;B
20240227;102647;3126.5;1;9702949913;B
20240227;102647;3126.5;31;9702949973;B
20240227;102648;3127;3;9702950109;B
20240227;102652;3128;4;9702950647;B
20240227;102654;3126;1;9702950762;S
20240227;102658;3128;4;9702951334;B
20240227;102721;3127.5;88;9702954912;B
20240227;102721;3127.5;12;9702954913;B
20240227;102721;3125.5;32;9702954952;S
20240227;102721;3125.5;6;9702954953;S
20240227;102721;3125;3;9702954954;S
20240227;102721;3125;1;9702954955;S
20240227;102721;3125;1;9702954956;S
20240227;102721;3125;1;9702954957;S
20240227;102721;3125;1;9702954958;S
20240227;102721;3125;5;9702954959;S
20240227;102721;3125;30;9702954960;S
20240227;102729;3127.5;13;9702956303;B
20240227;102732;3127.5;1;9702956970;B
20240227;102741;3127.5;2;9702958918;B
20240227;102744;3127.5;10;9702959275;B
20240227;102745;3125.5;1;9702959384;S
20240227;102749;3126.5;11;9702959893;S
20240227;102758;3128;80;9702961095;S
20240227;102801;3128;15;9702961607;S
20240227;102802;3128.5;1;9702961771;B
20240227;102802;3128.5;1;9702961772;B
20240227;102803;3128.5;1;9702961967;B
20240227;102803;3128.5;3;9702961968;B
20240227;102808;3128.5;8;9702962630;B
20240227;102812;3128.5;1;9702963260;B
20240227;102814;3128.5;1;9702963558;B
20240227;102815;3128.5;340;9702963765;B
20240227;102817;3128.5;10;9702963957;B
20240227;102818;3128.5;8;9702964127;B
20240227;102821;3128.5;1;9702964548;B
20240227;102823;3128;1;9702964816;S
20240227;102826;3128.5;1;9702965303;B
20240227;102828;3128.5;500;9702965552;B
20240227;102828;3128.5;244;9702965553;B
20240227;102828;3128.5;2;9702965554;B
20240227;102831;3129;1;9702965885;B
20240227;102831;3129.5;4;9702965886;B
20240227;102832;3129;6;9702966184;S
20240227;102834;3129;4;9702966416;B
20240227;102834;3129;3;9702966417;B
20240227;102835;3129;1;9702966475;B
20240227;102835;3128.5;15;9702966497;S
20240227;102836;3129;1;9702966597;B
20240227;102837;3128.5;3;9702966675;S
20240227;102840;3129;1;9702966998;B
20240227;102840;3129.5;7;9702966999;B
20240227;102840;3130;39;9702967000;B
20240227;102840;3130;1;9702967001;B
20240227;102840;3130;3;9702967002;B
20240227;102840;3130;49;9702967003;B
20240227;102843;3130;1;9702967368;B
20240227;102843;3130;4;9702967369;B
20240227;102902;3130;2;9702970013;B
20240227;102910;3130;1;9702971032;B
20240227;102910;3130;1;9702971033;B
20240227;102910;3130;1;9702971034;B
20240227;102910;3130;2;9702971035;B
20240227;102911;3130;4;9702971250;B
20240227;102913;3130;10;9702971506;B
20240227;102917;3130;54;9702972212;B
20240227;102917;3130;3;9702972213;B
20240227;102917;3130;4;9702972214;B
20240227;102917;3130;10;9702972215;B
20240227;102917;3130;40;9702972216;B
20240227;102923;3130;1;9702973123;S
20240227;102925;3130;1;9702973559;S
20240227;102928;3130.5;1;9702974154;B
20240227;102929;3130.5;1;9702974470;B
20240227;102930;3130.5;10;9702974588;B
20240227;102932;3130.5;32;9702974873;S
20240227;102932;3130.5;7;9702974874;S
20240227;102932;3130;37;9702974875;S
20240227;102932;3130;1;9702974876;S
20240227;102935;3130;1;9702975378;B
20240227;102936;3130;2;9702975668;B
20240227;102942;3130;3;9702976409;B
20240227;102943;3129;38;9702976534;S
20240227;102943;3129;1;9702976535;S
20240227;102943;3129;77;9702976536;S
20240227;102948;3129.5;5;9702977426;B
20240227;102951;3128.5;50;9702977739;S
20240227;102951;3128.5;7;9702977740;S
20240227;102959;3129.5;2;9702978462;B
20240227;103002;3128;1;9702979026;S
20240227;103002;3129.5;10;9702979135;B
20240227;103010;3129.5;4;9702981047;B
20240227;103017;3128;4;9702982433;S
20240227;103020;3129.5;3;9702982913;B
20240227;103027;3129.5;1;9702983681;B
20240227;103031;3129.5;3;9702984130;B
20240227;103036;3128;4;9702984750;S
20240227;103037;3128.5;3;9702985046;B
20240227;103038;3129;5;9702985243;B
20240227;103042;3129.5;21;9702985877;B
20240227;103042;3129.5;9;9702985878;B
20240227;103043;3129.5;7;9702986266;B
20240227;103043;3130;96;9702986267;B
20240227;103043;3130;9;9702986268;B
20240227;103043;3130;4;9702986269;B
20240227;103043;3130;7;9702986270;B
20240227;103043;3130.5;25;9702986271;B
20240227;103043;3130.5;16;9702986272;B
20240227;103043;3130.5;32;9702986273;B
20240227;103043;3131;1;9702986274;B
20240227;103043;3131;79;9702986275;B
20240227;103043;3131.5;1;9702986276;B
20240227;103043;3131.5;51;9702986277;B
20240227;103043;3132;8;9702986278;B
20240227;103043;3132;1;9702986279;B
20240227;103043;3132;2;9702986280;B
20240227;103043;3132;1;9702986281;B
20240227;103043;3132;60;9702986282;B
20240227;103044;3131.5;25;9702986320;B
20240227;103044;3132;7;9702986321;B
20240227;103044;3132.5;2;9702986322;B
20240227;103044;3132.5;36;9702986323;B
20240227;103045;3132;7;9702986572;B
20240227;103051;3132;1;9702987700;B
20240227;103053;3132;1;9702988069;B
20240227;103059;3131.5;4;9702989264;B
20240227;103103;3131;1;9702989763;S
20240227;103103;3130.5;7;9702989764;S
20240227;103103;3130;2;9702989765;S
20240227;103107;3131;1;9702990359;B
20240227;103110;3130;10;9702990755;S
20240227;103112;3129;4;9702991015;S
20240227;103119;3129;20;9702992725;B
20240227;103119;3129;3;9702992727;B
20240227;103123;3129;6;9702993143;B
20240227;103125;3129;6;9702993684;B
20240227;103125;3129;4;9702993685;B
20240227;103127;3129;1;9702994111;B
20240227;103129;3129;1;9702994360;B
20240227;103130;3129;1;9702994437;B
20240227;103133;3128.5;6;9702994713;S
20240227;103133;3128.5;1;9702994751;S
20240227;103134;3128.5;10;9702994834;S
20240227;103135;3129;40;9702995321;B
20240227;103138;3129;1;9702995823;B
20240227;103140;3128.5;14;9702996215;S
20240227;103143;3129;18;9702996878;B
20240227;103143;3129;1;9702996949;B
20240227;103150;3128.5;1;9702998619;S
20240227;103157;3129;5;9702999625;B
20240227;103203;3129;1;9703000360;B
20240227;103204;3128.5;1;9703000447;S
20240227;103204;3128.5;4;9703000448;S
20240227;103204;3128.5;6;9703000449;S
20240227;103207;3128.5;32;9703000996;S
20240227;103207;3129;8;9703000998;B
20240227;103213;3129;1;9703001760;B
20240227;103214;3129;4;9703001828;B
20240227;103214;3128.5;1;9703001849;S
20240227;103217;3128.5;1;9703002087;S
20240227;103220;3128.5;1;9703002489;S
20240227;103221;3129;7;9703002851;B
20240227;103223;3129;2;9703003083;B
20240227;103227;3128.5;1;9703003399;S
20240227;103229;3128.5;20;9703003656;S
20240227;103229;3128.5;10;9703003657;S
20240227;103229;3128.5;1;9703003658;S
20240227;103234;3128;5;9703004198;S
20240227;103236;3128.5;6;9703004305;B
20240227;103236;3128.5;7;9703004306;B
20240227;103241;3128.5;40;9703005629;S
20240227;103244;3129;2;9703006078;B
20240227;103244;3129;3;9703006079;B
20240227;103244;3128.5;12;9703006113;S
20240227;103244;3129.5;10;9703006144;B
20240227;103249;3129;1;9703007103;B
20240227;103251;3129;9;9703007314;B
20240227;103251;3129;5;9703007315;B
20240227;103252;3128;12;9703007487;S
20240227;103252;3128.5;32;9703007533;B
20240227;103252;3128.5;7;9703007534;B
20240227;103253;3129;5;9703007671;B
20240227;103257;3128.5;1;9703008506;S
20240227;103301;3129;10;9703009046;B
20240227;103301;3129;1;9703009047;B
20240227;103302;3129;5;9703009140;B
20240227;103306;3128.5;1;9703009972;S
20240227;103307;3129;5;9703010170;B
20240227;103309;3128.5;10;9703010331;S
20240227;103310;3129;2;9703010394;B
20240227;103310;3129.5;3;9703010395;B
20240227;103313;3129.5;5;9703010917;B
20240227;103319;3128.5;30;9703011798;S
20240227;103319;3129.5;7;9703011833;B
20240227;103319;3129.5;4;9703011834;B
20240227;103322;3130;1;9703012218;B
20240227;103323;3129.5;1;9703012389;S
20240227;103327;3130;1;9703012827;B
20240227;103331;3130;20;9703013298;B
20240227;103331;3130;1;9703013334;B
20240227;103332;3130;1;9703013433;B
20240227;103334;3129.5;9;9703013532;S
20240227;103338;3129.5;6;9703014208;S
20240227;103338;3129.5;10;9703014209;S
20240227;103338;3129;4;9703014210;S
20240227;103341;3130;3;9703014704;B
20240227;103347;3129;1;9703016248;S
20240227;103347;3129;1;9703016249;S
20240227;103401;3130;5;9703019752;B
20240227;103405;3129;1;9703020353;S
20240227;103414;3128.5;10;9703021749;S
20240227;103415;3128.5;9;9703022051;S
20240227;103417;3128.5;5;9703022334;B
20240227;103420;3128.5;1;9703022767;B
20240227;103420;3129.5;7;9703022768;B
20240227;103420;3129.5;2;9703022769;B
20240227;103421;3129.5;1;9703022801;B
20240227;103421;3129.5;3;9703022853;B
20240227;103421;3128;2;9703022871;S
20240227;103422;3128.5;3;9703023037;S
20240227;103429;3129;1;9703023920;S
20240227;103433;3129.5;4;9703025145;B
20240227;103441;3129.5;5;9703026745;B
20240227;103441;3129.5;1;9703026752;B
20240227;103441;3129.5;2;9703026845;B
20240227;103443;3129;2;9703027074;S
20240227;103448;3129.5;2;9703027843;B
20240227;103448;3130;1;9703027844;B
20240227;103500;3129;1;9703029676;S
20240227;103502;3129.5;2;9703030129;B
20240227;103505;3130;2;9703030578;B
20240227;103509;3129;6;9703031191;S
20240227;103509;3128.5;1;9703031192;S
20240227;103509;3128.5;3;9703031193;S
20240227;103511;3128.5;2;9703031481;B
20240227;103514;3128;1;9703031841;S
20240227;103516;3128.5;5;9703032140;B
20240227;103516;3128;25;9703032275;S
20240227;103516;3128;1;9703032276;S
20240227;103516;3128;150;9703032277;S
20240227;103516;3128;30;9703032278;S
20240227;103516;3128;31;9703032279;S
20240227;103516;3128;50;9703032280;S
20240227;103516;3128;20;9703032281;S
20240227;103516;3128;1;9703032282;S
20240227;103516;3128;7;9703032283;S
20240227;103516;3128;2;9703032284;S
20240227;103517;3127;1;9703032524;S
20240227;103517;3127;5;9703032525;S
20240227;103519;3126.5;1;9703032914;S
20240227;103520;3127;1;9703033036;B
20240227;103523;3127;1;9703033380;B
20240227;103523;3127;1;9703033441;B
20240227;103525;3127;5;9703033572;B
20240227;103526;3127.5;10;9703033805;B
20240227;103538;3126.5;2;9703035094;S
20240227;103538;3126;1;9703035095;S
20240227;103551;3127.5;1;9703036454;B
20240227;103552;3126;4;9703036600;S
20240227;103556;3126;1;9703037073;S
20240227;103603;3127.5;3;9703037920;B
20240227;103603;3127.5;1;9703037921;B
20240227;103618;3127.5;1;9703040376;B
20240227;103627;3126;1;9703041404;S
20240227;103627;3126;29;9703041405;S
20240227;103635;3126;10;9703042305;S
20240227;103647;3126.5;5;9703043631;S
20240227;103647;3126.5;5;9703043632;S
20240227;103653;3127;1;9703044314;B
20240227;103654;3127;9;9703044449;B
20240227;103654;3127.5;8;9703044450;B
20240227;103654;3127.5;7;9703044451;B
20240227;103654;3128;5;9703044452;B
20240227;103707;3128.5;3;9703046131;B
20240227;103715;3127;2;9703046988;S
20240227;103717;3127;3;9703047202;S
20240227;103722;3126.5;5;9703047992;S
20240227;103722;3126.5;12;9703047993;S
20240227;103722;3126;3;9703047994;S
20240227;103726;3128;1;9703048461;B
20240227;103728;3128;1;9703048707;B
20240227;103743;3128;7;9703050301;B
20240227;103743;3128;10;9703050302;B
20240227;103743;3128;3;9703050303;B
20240227;103743;3128.5;15;9703050304;B
20240227;103749;3128;4;9703050728;S
20240227;103753;3128;1;9703051339;B
20240227;103813;3128;2;9703053867;B
20240227;103814;3128;2;9703054095;B
20240227;103819;3128;3;9703054620;B
20240227;103819;3128;1;9703054621;B
20240227;103819;3128;1;9703054622;B
20240227;103819;3128;3;9703054684;S
20240227;103823;3128;2;9703055350;S
20240227;103823;3128;1;9703055351;S
20240227;103828;3128.5;1;9703055877;B
20240227;103832;3128.5;1;9703056223;B
20240227;103847;3129;6;9703057981;S
20240227;103849;3129;1;9703058232;S
20240227;103850;3129;1;9703058277;S
20240227;103856;3129;1;9703059239;S
20240227;103858;3129.5;10;9703059482;B
20240227;103900;3128.5;1;9703059623;S
20240227;103901;3129.5;3;9703059767;B
20240227;103905;3129.5;2;9703060404;B
20240227;103925;3129;1;9703063128;S
20240227;103937;3129;1;9703064576;S
20240227;103937;3129;1;9703064577;S
20240227;103940;3129;1;9703064818;B
20240227;103942;3128.5;1;9703064976;S
20240227;103944;3128.5;1;9703065168;S
20240227;103951;3129;1;9703065820;B
20240227;103951;3129;127;9703065901;B
20240227;103955;3128.5;1;9703066469;S
20240227;104002;3127.5;5;9703067177;S
20240227;104004;3128;5;9703067426;B
20240227;104010;3128;16;9703068144;B
20240227;104013;3127.5;6;9703068565;S
20240227;104013;3127;5;9703068566;S
20240227;104013;3127;5;9703068567;S
20240227;104013;3128;5;9703068691;B
20240227;104021;3127;1;9703070107;S
20240227;104024;3127.5;1;9703070355;B
20240227;104026;3127;3;9703070753;S
20240227;104027;3127;1;9703070875;S
20240227;104028;3127;1;9703071129;B
20240227;104033;3126.5;1;9703071670;S
20240227;104041;3127.5;10;9703072485;B
20240227;104047;3126;1;9703073177;S
20240227;104054;3126.5;6;9703074173;S
20240227;104054;3126;2;9703074174;S
20240227;104054;3126;1;9703074175;S
20240227;104054;3126;1;9703074176;S
20240227;104105;3127.5;10;9703075342;B
20240227;104105;3127.5;10;9703075355;B
20240227;104105;3128;16;9703075357;B
20240227;104120;3127.5;2;9703076981;S
20240227;104121;3128;1;9703077167;S
20240227;104123;3128.5;6;9703077406;S
20240227;104126;3127.5;2;9703077779;S
20240227;104128;3129;1;9703078177;B
20240227;104128;3129;2;9703078178;B
20240227;104129;3127.5;1;9703078421;S
20240227;104132;3128;2;9703079065;B
20240227;104135;3127.5;3;9703079594;S
20240227;104135;3127.5;3;9703079595;S
20240227;104143;3128;3;9703080615;B
20240227;104145;3127.5;4;9703081245;S
20240227;104157;3128;9;9703083148;S
20240227;104200;3129;1;9703083630;B
20240227;104218;3129;2;9703086034;B
20240227;104221;3128;5;9703086534;S
20240227;104221;3127.5;19;9703086535;S
20240227;104224;3128;4;9703087541;B
20240227;104228;3127.5;3;9703088171;S
20240227;104229;3128;1;9703088181;B
20240227;104231;3128;1;9703088393;B
20240227;104236;3128;1;9703089368;B
20240227;104238;3128;5;9703089965;B
20240227;104240;3127.5;3;9703090179;S
20240227;104240;3128;1;9703090249;B
20240227;104246;3127.5;4;9703091163;S
20240227;104250;3128;1;9703091811;B
20240227;104250;3128;5;9703091812;B
20240227;104253;3128;5;9703092962;B
20240227;104255;3128.5;1;9703093190;B
20240227;104256;3129;1;9703093359;B
20240227;104300;3128.5;4;9703093791;S
20240227;104300;3128;1;9703093792;S
20240227;104317;3128;1;9703096888;B
20240227;104319;3127.5;2;9703097062;S
20240227;104323;3128;1;9703097637;B
20240227;104325;3128;2;9703097853;B
20240227;104326;3127.5;5;9703097945;S
20240227;104327;3128;1;9703098037;B
20240227;104332;3127.5;3;9703098552;S
20240227;104332;3127.5;2;9703098553;S
20240227;104340;3127.5;5;9703099820;B
20240227;104341;3127.5;1;9703099926;B
20240227;104342;3127.5;3;9703100020;B
20240227;104347;3127.5;3;9703100780;B
20240227;104354;3128;1;9703102046;B
20240227;104355;3127.5;1;9703102128;S
20240227;104414;3127.5;1;9703104593;S
20240227;104416;3128;1;9703104808;B
20240227;104423;3128;1;9703105596;B
20240227;104424;3128;2;9703105674;B
20240227;104424;3128;5;9703105685;B
20240227;104425;3128;2;9703105808;B
20240227;104425;3128;1;9703105809;B
20240227;104425;3128;1;9703105873;B
20240227;104426;3128;5;9703105935;B
20240227;104432;3127.5;1;9703106616;S
20240227;104434;3128;3;9703106802;B
20240227;104434;3128;17;9703106821;B
20240227;104435;3128.5;2;9703106902;B
20240227;104435;3128.5;3;9703106908;S
20240227;104435;3128;6;9703106909;S
20240227;104435;3127.5;2;9703106910;S
20240227;104435;3127.5;32;9703106911;S
20240227;104436;3127.5;5;9703107033;B
20240227;104438;3127.5;2;9703107220;B
20240227;104445;3128;3;9703108110;B
20240227;104446;3128;18;9703108310;B
20240227;104446;3128.5;3;9703108311;B
20240227;104446;3128.5;6;9703108312;B
20240227;104446;3127.5;3;9703108345;S
20240227;104446;3127.5;6;9703108346;S
20240227;104446;3127;1;9703108347;S
20240227;104446;3127;1;9703108348;S
20240227;104446;3127;5;9703108349;S
20240227;104446;3127;36;9703108350;S
20240227;104452;3129;5;9703108910;B
20240227;104509;3128;1;9703110676;B
20240227;104514;3128;4;9703111180;B
20240227;104514;3128;29;9703111181;B
20240227;104524;3128.5;5;9703112172;B
20240227;104526;3128.5;1;9703112432;B
20240227;104528;3127.5;5;9703112858;S
20240227;104528;3127.5;5;9703112859;S
20240227;104537;3127;7;9703114094;S
20240227;104539;3127.5;1;9703114302;S
20240227;104539;3127;2;9703114303;S
20240227;104545;3128;7;9703115024;B
20240227;104545;3128.5;12;9703115025;B
20240227;104553;3127.5;5;9703116174;S
20240227;104555;3127;5;9703116302;S
20240227;104555;3126.5;15;9703116303;S
20240227;104602;3126.5;7;9703117102;S
20240227;104603;3126.5;1;9703117252;S
20240227;104606;3128;13;9703117558;B
20240227;104607;3128;19;9703117640;B
20240227;104616;3127;5;9703118737;S
20240227;104624;3126.5;3;9703120639;S
20240227;104625;3126.5;1;9703120811;S
20240227;104625;3127;1;9703120859;B
20240227;104625;3127;11;9703120860;B
20240227;104625;3127;14;9703121021;B
20240227;104637;3127.5;5;9703123438;S
20240227;104643;3128;7;9703124739;B
20240227;104643;3128;10;9703124740;B
20240227;104643;3128;30;9703124741;B
20240227;104644;3128.5;50;9703124922;B
20240227;104645;3128.5;12;9703124994;B
20240227;104647;3128;12;9703125377;S
20240227;104647;3128;5;9703125378;S
20240227;104647;3127.5;12;9703125379;S
20240227;104647;3127.5;3;9703125380;S
20240227;104649;3128;1;9703125625;B
20240227;104703;3127.5;1;9703128316;B
20240227;104716;3128;18;9703129883;B
20240227;104716;3128;3;9703129884;B
20240227;104716;3128;18;9703129885;B
20240227;104716;3128;1;9703129886;B
20240227;104722;3127.5;4;9703130608;S
20240227;104722;3127.5;5;9703130609;S
20240227;104735;3127;2;9703132409;S
20240227;104735;3127;20;9703132410;S
20240227;104735;3127;32;9703132411;S
20240227;104735;3127;1;9703132412;S
20240227;104736;3128.5;20;9703132482;B
20240227;104742;3128;20;9703133608;B
20240227;104742;3128.5;5;9703133609;B
20240227;104742;3129;10;9703133610;B
20240227;104743;3127;1;9703133738;S
20240227;104754;3127.5;2;9703135193;S
20240227;104801;3129;65;9703136004;B
20240227;104801;3129;5;9703136005;B
20240227;104809;3129;8;9703137099;B
20240227;104809;3129.5;2;9703137100;B
20240227;104809;3129.5;5;9703137101;B
20240227;104810;3130;2;9703137173;B
20240227;104818;3130;6;9703138179;B
20240227;104818;3130;1;9703138180;B
20240227;104818;3130;4;9703138181;B
20240227;104818;3130;1;9703138182;B
20240227;104818;3130;1;9703138183;B
20240227;104818;3130;10;9703138184;B
20240227;104818;3130;2;9703138185;B
20240227;104818;3130;13;9703138186;B
20240227;104818;3130;1;9703138187;B
20240227;104818;3130;25;9703138188;B
20240227;104818;3130;1;9703138189;B
20240227;104818;3130;1;9703138190;B
20240227;104825;3128.5;3;9703139164;S
20240227;104833;3130.5;3;9703140022;B
20240227;104833;3130.5;5;9703140023;B
20240227;104840;3129;5;9703140782;S
20240227;104840;3129;3;9703140783;S
20240227;104842;3128.5;2;9703140971;S
20240227;104842;3128.5;5;9703140972;S
20240227;104842;3128;2;9703140973;S
20240227;104842;3130.5;4;9703140976;B
20240227;104847;3128;3;9703141555;S
20240227;104847;3128;5;9703141556;S
20240227;104851;3127;1;9703141976;S
20240227;104855;3127;7;9703142290;S
20240227;104855;3127;5;9703142291;S
20240227;104858;3126.5;1;9703142587;S
20240227;104859;3126.5;30;9703142660;S
20240227;104902;3126.5;5;9703143056;S
20240227;104902;3126;1;9703143193;S
20240227;104903;3128.5;3;9703143300;B
20240227;104903;3128.5;48;9703143301;B
20240227;104922;3128;32;9703146337;B
20240227;104934;3128.5;1;9703147542;B
20240227;104934;3128.5;5;9703147543;B
20240227;104936;3128.5;1;9703147773;B
20240227;104936;3128.5;35;9703147775;B
20240227;104937;3128.5;1;9703147785;B
20240227;104940;3128;4;9703148303;S
20240227;104940;3128;2;9703148304;S
20240227;104941;3128.5;9;9703148515;B
20240227;104945;3129;5;9703148963;B
20240227;104948;3129.5;2;9703149559;B
20240227;104949;3130;5;9703149655;B
20240227;104949;3130;10;9703149656;B
20240227;104949;3130.5;1;9703149657;B
20240227;104953;3131;20;9703150388;B
20240227;104955;3131;19;9703150766;B
20240227;104955;3131;6;9703150810;B
20240227;104955;3131.5;1;9703150811;B
20240227;105000;3130;4;9703151891;S
20240227;105002;3131;4;9703152251;B
20240227;105002;3131.5;43;9703152252;B
20240227;105003;3131.5;4;9703152552;B
20240227;105007;3131.5;72;9703153238;B
20240227;105007;3131.5;79;9703153239;B
20240227;105007;3132;10;9703153240;B
20240227;105007;3132;5;9703153241;B
20240227;105007;3132.5;63;9703153242;B
20240227;105007;3133;71;9703153243;B
20240227;105008;3132;75;9703153641;S
20240227;105009;3132;3;9703153819;S
20240227;105009;3132;35;9703153870;S
20240227;105010;3132.5;79;9703154035;B
20240227;105010;3132.5;25;9703154036;B
20240227;105010;3132.5;5;9703154037;B
20240227;105010;3133;50;9703154038;B
20240227;105013;3132;2;9703154453;S
20240227;105013;3132.5;10;9703154589;B
20240227;105015;3132.5;3;9703154850;B
20240227;105016;3132.5;1;9703155042;B
20240227;105020;3132.5;1;9703155639;B
20240227;105022;3132;1;9703155838;S
20240227;105024;3132;29;9703156202;S
20240227;105026;3132.5;4;9703156613;B
20240227;105026;3132.5;6;9703156615;B
20240227;105028;3132.5;10;9703156758;B
20240227;105028;3132.5;5;9703156759;B
20240227;105028;3132.5;1;9703156801;B
20240227;105029;3132.5;2;9703156880;B
20240227;105029;3132.5;1;9703156890;B
20240227;105032;3132.5;8;9703157205;B
20240227;105035;3132.5;10;9703157516;B
20240227;105041;3133;6;9703158220;B
20240227;105051;3132.5;2;9703159242;B
20240227;105052;3132;1;9703159350;S
20240227;105054;3132.5;40;9703159477;B
20240227;105054;3132.5;8;9703159500;B
20240227;105054;3133;1;9703159515;B
20240227;105059;3133;4;9703159966;B
20240227;105102;3133;5;9703160404;B
20240227;105105;3133;1;9703160669;B
20240227;105110;3132.5;1;9703161146;S
20240227;105112;3132.5;1;9703161270;S
20240227;105113;3133;1;9703161332;B
20240227;105114;3133;100;9703161498;B
20240227;105114;3133;1;9703161511;B
20240227;105115;3133;1;9703161622;B
20240227;105117;3133;1;9703161736;B
20240227;105117;3133;66;9703161817;B
20240227;105117;3133;1;9703161818;B
20240227;105117;3133;3;9703161819;B
20240227;105117;3133;6;9703161820;B
20240227;105117;3133;1;9703161821;B
20240227;105117;3133;19;9703161822;B
20240227;105117;3133;2;9703161823;B
20240227;105117;3133;25;9703161824;B
20240227;105117;3133;5;9703161825;B
20240227;105117;3133;2;9703161826;B
20240227;105120;3132.5;1;9703162049;S
20240227;105120;3132.5;1;9703162050;S
20240227;105120;3132.5;2;9703162051;S
20240227;105124;3133;10;9703162890;B
20240227;105125;3133;4;9703163079;B
20240227;105128;3133;6;9703163522;B
20240227;105128;3133;25;9703163523;B
20240227;105128;3133;1;9703163524;B
20240227;105128;3133.5;1;9703163545;B
20240227;105128;3133.5;5;9703163546;B
20240227;105130;3133;3;9703163742;S
20240227;105130;3133.5;1;9703163768;B
20240227;105132;3133.5;10;9703164101;B
20240227;105135;3133.5;30;9703164370;B
20240227;105137;3133.5;9;9703164539;B
20240227;105139;3133;15;9703164710;S
20240227;105139;3133;10;9703164711;S
20240227;105141;3133;20;9703165283;B
20240227;105141;3133;20;9703165284;B
20240227;105147;3132;10;9703165928;S
20240227;105147;3132;2;9703165929;S
20240227;105147;3132;2;9703165930;S
20240227;105148;3133;1;9703166038;B
20240227;105150;3133;3;9703166203;B
20240227;105155;3132;3;9703166660;B
20240227;105156;3131.5;1;9703166701;S
20240227;105156;3131.5;3;9703166702;S
20240227;105202;3132;3;9703167207;B
20240227;105203;3131;1;9703167360;S
20240227;105203;3131;3;9703167361;S
20240227;105203;3131;5;9703167362;S
20240227;105205;3132;5;9703167505;B
20240227;105212;3132;34;9703168116;B
20240227;105213;3132;5;9703168567;B
20240227;105215;3132.5;3;9703168809;B
20240227;105216;3132.5;20;9703168926;B
20240227;105219;3132.5;5;9703169244;S
20240227;105219;3132.5;3;9703169245;S
20240227;105221;3132;3;9703169409;S
20240227;105221;3132;20;9703169410;S
20240227;105227;3133;6;9703170015;B
20240227;105227;3133;2;9703170016;B
20240227;105230;3133;1;9703170157;B
20240227;105230;3133;1;9703170158;B
20240227;105230;3133.5;1;9703170159;B
20240227;105232;3133.5;9;9703170487;S
20240227;105233;3134;2;9703170513;B
20240227;105233;3134;3;9703170586;B
20240227;105235;3134;10;9703170885;B
20240227;105236;3133.5;1;9703170967;S
20240227;105237;3134;5;9703171049;B
20240227;105237;3134;1;9703171050;B
20240227;105237;3134;2;9703171051;B
20240227;105237;3133.5;1;9703171089;S
20240227;105242;3133.5;13;9703171914;S
20240227;105246;3133.5;22;9703172293;B
20240227;105246;3133.5;5;9703172294;B
20240227;105246;3134;1;9703172295;B
20240227;105246;3134;79;9703172296;B
20240227;105246;3134;22;9703172297;B
20240227;105246;3134;17;9703172303;S
20240227;105249;3134.5;2;9703172948;B
20240227;105249;3134.5;1;9703172949;B
20240227;105249;3134.5;50;9703172950;B
20240227;105249;3134.5;1;9703172951;B
20240227;105249;3134.5;5;9703172952;B
20240227;105249;3134.5;5;9703172953;B
20240227;105249;3134.5;25;9703172954;B
20240227;105249;3134.5;5;9703172955;B
20240227;105249;3134.5;20;9703172956;B
20240227;105249;3135;1;9703172957;B
20240227;105249;3135;1;9703172958;B
20240227;105249;3135;1;9703172959;B
20240227;105249;3135;4;9703172960;B
20240227;105249;3135;101;9703172961;B
20240227;105249;3135;28;9703172962;B
20240227;105249;3135;1;9703172963;B
20240227;105249;3135;1;9703172964;B
20240227;105250;3135;5;9703172984;B
20240227;105250;3135;26;9703172985;B
20240227;105250;3134.5;42;9703172987;S
20240227;105250;3135;95;9703172993;B
20240227;105250;3134.5;2;9703173025;S
20240227;105250;3135;6;9703173102;B
20240227;105250;3135;100;9703173124;B
20240227;105251;3135;32;9703173200;B
20240227;105252;3134.5;3;9703173219;B
20240227;105252;3135;8;9703173257;B
20240227;105253;3134;5;9703173375;S
20240227;105253;3134.5;1;9703173434;B
20240227;105254;3135;5;9703173492;B
20240227;105256;3135;40;9703173791;B
20240227;105256;3135;4;9703173792;B
20240227;105256;3135;50;9703173793;B
20240227;105256;3135;2;9703173794;B
20240227;105256;3135;6;9703173795;B
20240227;105256;3135;1;9703173796;B
20240227;105256;3135.5;17;9703173797;B
20240227;105256;3135.5;1;9703173802;B
20240227;105256;3134.5;4;9703173816;S
20240227;105256;3133.5;1;9703173817;S
20240227;105256;3133.5;1;9703173818;S
20240227;105257;3135.5;31;9703173865;B
20240227;105257;3135.5;1;9703173867;B
20240227;105257;3135.5;1;9703173868;B
20240227;105257;3135.5;5;9703173869;B
20240227;105257;3135;5;9703173893;B
20240227;105259;3135;5;9703174085;B
20240227;105259;3135;20;9703174111;B
20240227;105303;3135;6;9703174505;S
20240227;105303;3135;10;9703174506;S
20240227;105303;3135;1;9703174526;B
20240227;105303;3134.5;5;9703174535;S
20240227;105303;3134.5;10;9703174536;S
20240227;105303;3134;5;9703174537;S
20240227;105304;3135;4;9703174656;B
20240227;105310;3134.5;1;9703175461;S
20240227;105311;3135;2;9703175507;B
20240227;105313;3134.5;5;9703175777;S
20240227;105316;3135;3;9703176135;B
20240227;105316;3135;5;9703176244;B
20240227;105317;3134.5;9;9703176344;S
20240227;105317;3134.5;1;9703176345;S
20240227;105317;3134;5;9703176346;S
20240227;105318;3135;1;9703176464;B
20240227;105318;3135;5;9703176466;B
20240227;105318;3135;79;9703176476;B
20240227;105318;3135;6;9703176477;B
20240227;105321;3135.5;2;9703176895;B
20240227;105322;3135.5;5;9703176907;B
20240227;105322;3135;15;9703177000;S
20240227;105322;3135;3;9703177015;B
20240227;105324;3135;1;9703177084;B
20240227;105324;3135;5;9703177135;B
20240227;105326;3135;1;9703177279;B
20240227;105327;3135.5;1;9703177428;B
20240227;105331;3134;12;9703178102;S
20240227;105342;3134;73;9703179040;S
20240227;105342;3134;1;9703179041;S
20240227;105344;3134;1;9703179163;B
20240227;105344;3134.5;4;9703179164;B
20240227;105350;3134;3;9703179849;B
20240227;105352;3133.5;1;9703180023;S
20240227;105352;3134;4;9703180041;B
20240227;105354;3134;1;9703180172;B
20240227;105356;3133.5;1;9703180312;S
20240227;105401;3134;5;9703180787;B
20240227;105402;3133.5;6;9703180876;S
20240227;105402;3133;15;9703180877;S
20240227;105402;3133;4;9703180878;S
20240227;105411;3134;6;9703181816;B
20240227;105414;3134;18;9703182254;B
20240227;105419;3133.5;4;9703182780;S
20240227;105425;3133.5;2;9703183287;S
20240227;105425;3134;4;9703183324;B
20240227;105428;3133.5;1;9703183601;S
20240227;105428;3133.5;5;9703183618;S
20240227;105428;3133;1;9703183619;S
20240227;105428;3133;5;9703183620;S
20240227;105438;3133.5;1;9703184416;S
20240227;105440;3133;1;9703184542;S
20240227;105441;3134;14;9703184688;B
20240227;105441;3134;20;9703184689;B
20240227;105441;3134;1;9703184690;B
20240227;105442;3133.5;6;9703184757;S
20240227;105454;3133.5;10;9703185708;S
20240227;105454;3133.5;6;9703185709;S
20240227;105454;3133.5;2;9703185710;B
20240227;105454;3133.5;2;9703185711;B
20240227;105454;3133;7;9703185838;S
20240227;105456;3133;1;9703186012;S
20240227;105458;3133;2;9703186222;S
20240227;105458;3133;2;9703186252;S
20240227;105500;3133.5;1;9703186392;B
20240227;105500;3133.5;1;9703186422;B
20240227;105502;3133.5;8;9703186546;B
20240227;105502;3133.5;2;9703186547;B
20240227;105510;3133;2;9703187376;S
20240227;105510;3133;2;9703187377;S
20240227;105510;3133;4;9703187378;S
20240227;105510;3133;4;9703187379;S
20240227;105510;3133;5;9703187380;S
20240227;105511;3132.5;1;9703187448;S
20240227;105511;3132.5;4;9703187449;S
20240227;105516;3132.5;25;9703187986;S
20240227;105516;3132;1;9703187987;S
20240227;105516;3132;6;9703187988;S
20240227;105516;3133;3;9703188081;B
20240227;105517;3132.5;25;9703188180;S
20240227;105517;3132;24;9703188181;S
20240227;105517;3132;3;9703188182;S
20240227;105517;3132;18;9703188183;S
20240227;105517;3133;12;9703188434;B
20240227;105517;3133;7;9703188435;B
20240227;105520;3133;12;9703188825;B
20240227;105526;3132;2;9703189403;S
20240227;105526;3132;5;9703189404;S
20240227;105529;3132.5;1;9703189619;S
20240227;105531;3133.5;1;9703189884;B
20240227;105538;3132.5;4;9703190603;S
20240227;105538;3132.5;42;9703190604;S
20240227;105540;3132.5;5;9703190747;S
20240227;105540;3132;15;9703190748;S
20240227;105545;3132;3;9703191166;S
20240227;105546;3132.5;5;9703191348;S
20240227;105546;3132.5;2;9703191349;S
20240227;105554;3133.5;32;9703192044;B
20240227;105554;3134;10;9703192045;B
20240227;105554;3134;5;9703192046;B
20240227;105554;3134;23;9703192047;B
20240227;105558;3132.5;1;9703192459;S
20240227;105609;3134.5;2;9703193342;B
20240227;105609;3134.5;1;9703193362;B
20240227;105610;3134.5;4;9703193454;B
20240227;105610;3134;1;9703193482;S
20240227;105610;3133;10;9703193483;S
20240227;105610;3133;5;9703193484;S
20240227;105613;3132.5;1;9703193868;S
20240227;105617;3132.5;1;9703194200;S
20240227;105617;3133;1;9703194220;B
20240227;105618;3133;3;9703194323;B
20240227;105618;3133;10;9703194329;S
20240227;105627;3134;3;9703195113;B
20240227;105628;3133.5;5;9703195227;S
20240227;105628;3133.5;5;9703195228;S
20240227;105628;3133;5;9703195229;S
20240227;105648;3133.5;5;9703198002;S
20240227;105648;3133.5;5;9703198003;S
20240227;105648;3133;5;9703198004;S
20240227;105658;3133;4;9703198829;S
20240227;105658;3133;5;9703198830;S
20240227;105700;3132.5;2;9703199089;S
20240227;105700;3132.5;13;9703199090;S
20240227;105705;3132.5;1;9703199687;S
20240227;105709;3132.5;10;9703200043;S
20240227;105712;3132.5;2;9703200329;S
20240227;105712;3132.5;1;9703200330;S
20240227;105713;3132.5;5;9703200443;S
20240227;105713;3133;4;9703200533;B
20240227;105717;3132.5;1;9703200934;S
20240227;105717;3132.5;4;9703200935;S
20240227;105717;3132.5;7;9703200936;S
20240227;105728;3132;1;9703202012;S
20240227;105737;3133;6;9703202999;B
20240227;105737;3133.5;5;9703203000;B
20240227;105737;3133.5;39;9703203001;B
20240227;105737;3134;10;9703203002;B
20240227;105737;3134.5;32;9703203003;B
20240227;105737;3135;3;9703203004;B
20240227;105737;3135;5;9703203005;B
20240227;105737;3135;6;9703203006;B
20240227;105737;3135;35;9703203007;B
20240227;105737;3135;18;9703203008;B
20240227;105741;3135;1;9703203655;B
20240227;105751;3135;1;9703204567;B
20240227;105751;3135;1;9703204568;B
20240227;105751;3135;98;9703204569;B
20240227;105758;3134.5;2;9703205127;B
20240227;105801;3135;2;9703205421;B
20240227;105808;3135;1;9703206230;B
20240227;105811;3135.5;1;9703206499;B
20240227;105811;3135.5;3;9703206500;B
20240227;105811;3136;3;9703206501;B
20240227;105811;3136;1;9703206502;B
20240227;105811;3136;1;9703206503;B
20240227;105811;3136;1;9703206504;B
20240227;105811;3136;1;9703206505;B
20240227;105811;3136;50;9703206506;B
20240227;105811;3136;15;9703206507;B
20240227;105811;3136;5;9703206508;B
20240227;105811;3136.5;10;9703206509;B
20240227;105811;3136.5;1;9703206510;B
20240227;105811;3136.5;1;9703206511;B
20240227;105811;3136.5;7;9703206512;B
20240227;105823;3137;1;9703207396;B
20240227;105823;3137;1;9703207397;B
20240227;105823;3137;4;9703207398;B
20240227;105829;3135.5;1;9703207837;S
20240227;105834;3136.5;12;9703208348;B
20240227;105834;3136.5;5;9703208349;B
20240227;105834;3137;1;9703208350;B
20240227;105834;3137;1;9703208351;B
20240227;105834;3137;1;9703208352;B
20240227;105837;3137;10;9703208544;B
20240227;105840;3135.5;4;9703208817;S
20240227;105840;3135.5;2;9703208818;S
20240227;105849;3136.5;15;9703209612;B
20240227;105849;3136.5;5;9703209613;B
20240227;105849;3137;69;9703209614;B
20240227;105849;3137;1;9703209615;B
20240227;105849;3137.5;30;9703209616;B
20240227;105849;3137.5;1;9703209617;B
20240227;105849;3137.5;1;9703209618;B
20240227;105849;3137.5;1;9703209619;B
20240227;105849;3137.5;5;9703209620;B
20240227;105849;3138;5;9703209621;B
20240227;105849;3138;1;9703209622;B
20240227;105849;3138;2;9703209623;B
20240227;105849;3138;1;9703209624;B
20240227;105849;3138;3;9703209625;B
20240227;105849;3138;1;9703209626;B
20240227;105849;3138;1;9703209627;B
20240227;105849;3138;25;9703209628;B
20240227;105849;3138.5;20;9703209629;B
20240227;105849;3138.5;1;9703209630;B
20240227;105849;3138.5;3;9703209631;B
20240227;105849;3138.5;1;9703209632;B
20240227;105849;3138.5;1;9703209633;B
20240227;105849;3138.5;1;9703209634;B
20240227;105849;3138.5;3;9703209635;B
20240227;105849;3138.5;3;9703209636;B
20240227;105850;3137.5;1;9703209696;B
20240227;105855;3136;16;9703210058;S
20240227;105858;3135.5;10;9703210299;S
20240227;105859;3135.5;22;9703210369;S
20240227;105859;3135.5;1;9703210370;B
20240227;105859;3135.5;2;9703210371;B
20240227;105916;3135;4;9703212791;S
20240227;105917;3135.5;1;9703212985;B
20240227;105917;3136;5;9703212986;B
20240227;105929;3136;20;9703214436;S
20240227;105931;3136;17;9703214660;S
20240227;105934;3137;2;9703214934;B
20240227;105944;3136;7;9703215859;S
20240227;105953;3136.5;1;9703216648;B
20240227;105954;3136.5;1;9703216700;B
20240227;105955;3136.5;1;9703216779;B
20240227;105955;3136.5;5;9703216818;B
20240227;105956;3136;1;9703216935;S
20240227;105957;3136.5;2;9703217004;B
20240227;105957;3136.5;4;9703217028;B
20240227;110000;3136.5;1;9703217304;B
20240227;110006;3136;3;9703218451;S
20240227;110006;3136;3;9703218452;S
20240227;110006;3136;3;9703218453;S
20240227;110006;3136;1;9703218454;S
20240227;110018;3135.5;5;9703220597;S
20240227;110018;3135;5;9703220598;S
20240227;110018;3135;5;9703220599;S
20240227;110018;3134.5;35;9703220600;S
20240227;110027;3136;2;9703222484;B
20240227;110030;3135.5;1;9703222936;S
20240227;110039;3135.5;1;9703224390;B
20240227;110043;3135.5;1;9703224869;B
20240227;110045;3135;1;9703225242;S
20240227;110046;3135;10;9703225566;S
20240227;110047;3135;1;9703225823;S
20240227;110048;3135.5;1;9703226028;B
20240227;110049;3135;39;9703226132;S
20240227;110049;3135;19;9703226133;S
20240227;110052;3135.5;5;9703226568;B
20240227;110053;3135;1;9703226770;S
20240227;110053;3135.5;2;9703226839;B
20240227;110053;3136;2;9703226840;B
20240227;110101;3135;9;9703228215;S
20240227;110108;3136;3;9703229510;B
20240227;110113;3135;20;9703230339;S
20240227;110115;3135;1;9703230647;S
20240227;110136;3135;1;9703234075;B
20240227;110143;3135;7;9703235193;B
20240227;110158;3135;1;9703237566;B
20240227;110203;3134.5;1;9703238301;S
20240227;110204;3134.5;4;9703238432;S
20240227;110204;3134.5;6;9703238433;S
20240227;110218;3136;1;9703240724;B
20240227;110218;3136;6;9703240725;B
20240227;110218;3136;3;9703240726;B
20240227;110227;3136.5;3;9703242097;B
20240227;110237;3136.5;3;9703243789;B
20240227;110237;3136.5;5;9703243790;B
20240227;110237;3137;3;9703243791;B
20240227;110237;3137;3;9703243792;B
20240227;110237;3137;12;9703243793;B
20240227;110237;3137;6;9703243794;B
20240227;110237;3137;35;9703243795;B
20240227;110237;3137;10;9703243796;B
20240227;110237;3137;43;9703243797;B
20240227;110237;3137.5;130;9703243798;B
20240227;110237;3138;1;9703243799;B
20240227;110237;3138;50;9703243800;B
20240227;110237;3138;4;9703243801;B
20240227;110237;3138;300;9703243802;B
20240227;110237;3138;25;9703243803;B
20240227;110237;3138;8;9703243804;B
20240227;110237;3138;79;9703243805;B
20240227;110237;3138.5;20;9703243806;B
20240227;110237;3138.5;1;9703243807;B
20240227;110237;3138.5;1;9703243808;B
20240227;110237;3139;30;9703243809;B
20240227;110237;3139;1;9703243810;B
20240227;110237;3139;10;9703243811;B
20240227;110237;3139;10;9703243812;B
20240227;110237;3139;1;9703243813;B
20240227;110237;3139;1;9703243814;B
20240227;110237;3139.5;4;9703243815;B
20240227;110237;3139.5;40;9703243816;B
20240227;110237;3139.5;20;9703243817;B
20240227;110237;3139.5;2;9703243818;B
20240227;110237;3139.5;40;9703243819;B
20240227;110237;3139.5;25;9703243820;B
20240227;110237;3139.5;300;9703243821;B
20240227;110237;3139.5;4;9703243822;B
20240227;110237;3139.5;43;9703243823;B
20240227;110237;3139.5;30;9703243824;B
20240227;110237;3137.5;15;9703243867;S
20240227;110238;3137;4;9703243950;S
20240227;110238;3136.5;6;9703243951;S
20240227;110240;3139;2;9703244293;B
20240227;110255;3137;10;9703246567;S
20240227;110255;3136.5;15;9703246568;S
20240227;110259;3138;4;9703247028;B
20240227;110302;3137;5;9703247464;B
20240227;110309;3137;14;9703248513;B
20240227;110309;3137;8;9703248518;B
20240227;110310;3137;3;9703248694;B
20240227;110311;3137.5;1;9703248742;S
20240227;110318;3138;6;9703249776;B
20240227;110318;3138;5;9703249777;B
20240227;110318;3138;14;9703249778;B
20240227;110319;3138;3;9703249980;B
20240227;110319;3138.5;18;9703250027;B
20240227;110324;3138;1;9703250668;S
20240227;110324;3138.5;25;9703250704;B
20240227;110325;3138.5;7;9703250841;B
20240227;110325;3138.5;3;9703250842;B
20240227;110326;3138.5;2;9703250972;B
20240227;110329;3139;3;9703251385;B
20240227;110329;3139;2;9703251386;B
20240227;110331;3138.5;3;9703251636;S
20240227;110332;3139;9;9703251795;B
20240227;110332;3139;19;9703251796;B
20240227;110340;3139.5;2;9703253165;B
20240227;110340;3139.5;2;9703253166;B
20240227;110347;3139.5;6;9703254216;B
20240227;110348;3139;1;9703254459;S
20240227;110349;3139.5;1;9703254541;B
20240227;110349;3139.5;35;9703254582;B
20240227;110351;3139;2;9703254850;S
20240227;110353;3139.5;14;9703255272;B
20240227;110353;3139;1;9703255274;S
20240227;110359;3139;1;9703256064;S
20240227;110404;3138.5;5;9703256625;S
20240227;110404;3138;1;9703256626;S
20240227;110404;3138;5;9703256627;S
20240227;110404;3137.5;1;9703256628;S
20240227;110404;3137.5;30;9703256629;S
20240227;110404;3137;11;9703256630;S
20240227;110404;3136.5;10;9703256631;S
20240227;110404;3136.5;32;9703256632;S
20240227;110405;3139;2;9703256810;B
20240227;110405;3139;5;9703256811;B
20240227;110405;3139;2;9703256812;B
20240227;110405;3139;2;9703256813;B
20240227;110405;3139;2;9703256814;B
20240227;110405;3139;2;9703256815;B
20240227;110405;3139;69;9703256816;B
20240227;110405;3139;10;9703256817;B
20240227;110405;3139;79;9703256818;B
20240227;110405;3139;10;9703256841;S
20240227;110405;3139;10;9703256855;S
20240227;110405;3139;17;9703256880;S
20240227;110406;3139;3;9703257048;S
20240227;110406;3139;1;9703257147;S
20240227;110407;3139;1;9703257178;S
20240227;110407;3139;97;9703257215;S
20240227;110412;3137.5;10;9703257899;S
20240227;110412;3137;1;9703257900;S
20240227;110412;3137;1;9703257938;S
20240227;110416;3138.5;1;9703258686;B
20240227;110416;3138.5;5;9703258687;B
20240227;110416;3138.5;4;9703258688;B
20240227;110416;3138.5;1;9703258689;B
20240227;110416;3139;3;9703258690;B
20240227;110416;3139;32;9703258691;B
20240227;110416;3139;24;9703258692;B
20240227;110416;3139;20;9703258693;B
20240227;110416;3139;2;9703258694;B
20240227;110416;3139;1;9703258695;B
20240227;110416;3139;7;9703258696;B
20240227;110422;3138.5;4;9703259798;B
20240227;110438;3137.5;1;9703262123;S
20240227;110439;3137.5;1;9703262249;S
20240227;110441;3138;3;9703262722;B
20240227;110441;3138;1;9703262761;B
20240227;110443;3137.5;1;9703263052;S
20240227;110448;3137.5;2;9703263888;S
20240227;110448;3137;1;9703263889;S
20240227;110455;3137;4;9703264968;B
20240227;110455;3137;4;9703264969;B
20240227;110457;3137;5;9703265383;B
20240227;110459;3136.5;1;9703265586;S
20240227;110459;3136.5;1;9703265587;S
20240227;110459;3136.5;1;9703265588;S
20240227;110501;3136.5;1;9703265909;B
20240227;110502;3136.5;1;9703266029;B
20240227;110504;3136.5;5;9703266252;B
20240227;110504;3136;1;9703266295;S
20240227;110516;3135.5;1;9703267928;B
20240227;110520;3135;12;9703269238;S
20240227;110530;3135;1;9703270689;S
20240227;110533;3135.5;1;9703271103;B
20240227;110533;3135.5;2;9703271104;B
20240227;110540;3136.5;1;9703272096;B
20240227;110544;3136;1;9703272732;S
20240227;110548;3136;24;9703273754;B
20240227;110555;3136;5;9703274852;B
20240227;110555;3136.5;25;9703274853;B
20240227;110600;3135.5;10;9703275554;S
20240227;110600;3135;54;9703275555;S
20240227;110609;3136.5;1;9703276810;B
20240227;110616;3135;1;9703277694;S
20240227;110625;3135;4;9703278741;S
20240227;110625;3135;5;9703278742;S
20240227;110625;3135;1;9703278743;S
20240227;110626;3134.5;3;9703278837;S
20240227;110630;3135;1;9703279265;S
20240227;110637;3135.5;1;9703280115;B
20240227;110654;3135.5;1;9703282107;S
20240227;110700;3135.5;3;9703282774;S
20240227;110700;3135.5;1;9703282775;S
20240227;110700;3135.5;5;9703282776;S
20240227;110702;3135.5;1;9703282919;B
20240227;110702;3135.5;1;9703283051;B
20240227;110741;3135;2;9703287975;S
20240227;110747;3135.5;1;9703288928;B
20240227;110749;3135;9;9703289146;S
20240227;110749;3135;6;9703289176;S
20240227;110749;3135;16;9703289252;S
20240227;110749;3135;7;9703289303;S
20240227;110751;3135;1;9703289589;S
20240227;110752;3135;3;9703289704;S
20240227;110755;3135;6;9703290203;S
20240227;110755;3135;7;9703290204;S
20240227;110755;3134.5;2;9703290205;S
20240227;110755;3134.5;5;9703290206;S
20240227;110759;3135;1;9703290969;B
20240227;110759;3135;1;9703290970;B
20240227;110804;3134.5;2;9703291560;S
20240227;110804;3134;1;9703291566;S
20240227;110804;3134.5;3;9703291782;B
20240227;110811;3134.5;2;9703292696;B
20240227;110813;3134;4;9703292958;S
20240227;110818;3134;10;9703293604;S
20240227;110821;3134;3;9703293913;S
20240227;110821;3134.5;33;9703293918;B
20240227;110821;3134.5;5;9703293919;B
20240227;110821;3135;12;9703293920;B
20240227;110827;3134;1;9703294710;S
20240227;110832;3134.5;1;9703295482;S
20240227;110843;3134;4;9703297047;S
20240227;110848;3134;6;9703297667;S
20240227;110850;3134;71;9703297864;S
20240227;110850;3134;20;9703297865;S
20240227;110850;3134;4;9703297866;S
20240227;110857;3134;1;9703298620;S
20240227;110858;3134;1;9703298675;S
20240227;110905;3134.5;1;9703299871;B
20240227;110907;3134;4;9703300129;S
20240227;110909;3134;5;9703300456;S
20240227;110914;3134.5;1;9703301102;S
20240227;110920;3134.5;1;9703301822;S
20240227;110920;3134;35;9703301823;S
20240227;110920;3134;19;9703301824;S
20240227;110920;3134;79;9703301825;S
20240227;110920;3134;1;9703301826;S
20240227;110921;3134;50;9703301992;B
20240227;110922;3133.5;1;9703302070;S
20240227;110923;3134;2;9703302183;B
20240227;110928;3134;5;9703302771;B
20240227;110929;3134;1;9703302930;B
20240227;110931;3133.5;1;9703303267;S
20240227;110932;3133.5;1;9703303351;S
20240227;110933;3134;2;9703303431;B
20240227;110933;3134;3;9703303432;B
20240227;110935;3133.5;2;9703303702;S
20240227;110936;3134;5;9703303812;B
20240227;110938;3134;2;9703304106;B
20240227;110947;3135;1;9703305063;B
20240227;110947;3135;5;9703305064;B
20240227;110947;3135.5;118;9703305065;B
20240227;110947;3135.5;50;9703305066;B
20240227;110947;3135.5;10;9703305067;B
20240227;110947;3136;2;9703305068;B
20240227;110947;3136.5;73;9703305069;B
20240227;110947;3136.5;25;9703305070;B
20240227;110947;3137;9;9703305071;B
20240227;110947;3137;4;9703305072;B
20240227;110947;3138;16;9703305073;B
20240227;110947;3138;1;9703305074;B
20240227;110947;3138;42;9703305075;B
20240227;110947;3138;43;9703305080;S
20240227;111003;3136.5;1;9703307225;S
20240227;111003;3136.5;5;9703307319;S
20240227;111006;3137.5;3;9703307997;B
20240227;111007;3137.5;17;9703308104;B
20240227;111013;3135.5;3;9703309462;S
20240227;111016;3135.5;5;9703309853;S
20240227;111018;3134.5;25;9703310192;S
20240227;111018;3134.5;10;9703310193;S
20240227;111021;3134.5;1;9703310720;S
20240227;111022;3134.5;3;9703311049;S
20240227;111030;3135;1;9703312054;S
20240227;111040;3134;1;9703313438;S
20240227;111040;3134;2;9703313439;S
20240227;111040;3134;2;9703313440;S
20240227;111043;3134;1;9703313926;S
20240227;111105;3135.5;41;9703316799;B
20240227;111106;3135.5;1;9703316904;B
20240227;111107;3135;5;9703317089;S
20240227;111107;3135;5;9703317090;S
20240227;111110;3135;1;9703317393;S
20240227;111112;3135.5;2;9703317736;B
20240227;111115;3135;1;9703317961;S
20240227;111115;3134.5;4;9703318028;S
20240227;111115;3134.5;1;9703318029;S
20240227;111124;3135;32;9703319947;S
20240227;111124;3135;2;9703319948;S
20240227;111145;3134.5;1;9703322546;S
20240227;111149;3134.5;1;9703323086;S
20240227;111156;3135;5;9703323933;B
20240227;111156;3135;1;9703324017;B
20240227;111159;3135;1;9703324363;B
20240227;111200;3134.5;1;9703324484;S
20240227;111205;3134.5;1;9703325069;S
20240227;111205;3135;3;9703325128;B
20240227;111206;3135;5;9703325247;B
20240227;111207;3135;2;9703325251;B
20240227;111214;3134.5;26;9703326271;S
20240227;111214;3134.5;5;9703326272;S
20240227;111214;3134.5;8;9703326273;S
20240227;111220;3134;10;9703326943;S
20240227;111222;3134;3;9703327183;S
20240227;111223;3134;52;9703327270;S
20240227;111223;3134;10;9703327271;S
20240227;111223;3134;3;9703327272;S
20240227;111227;3134;1;9703327689;B
20240227;111237;3133.5;1;9703328780;S
20240227;111237;3134;2;9703328825;B
20240227;111237;3134.5;38;9703328826;B
20240227;111238;3133.5;2;9703328896;S
20240227;111238;3133.5;2;9703328897;S
20240227;111239;3133.5;1;9703329087;S
20240227;111240;3133.5;2;9703329211;S
20240227;111241;3134;5;9703329277;B
20240227;111242;3133.5;4;9703329356;S
20240227;111242;3133.5;10;9703329357;S
20240227;111242;3133.5;6;9703329358;S
20240227;111243;3133.5;1;9703329467;S
20240227;111244;3133.5;1;9703329578;S
20240227;111244;3133.5;2;9703329612;S
20240227;111244;3133.5;5;9703329613;S
20240227;111244;3133;2;9703329614;S
20240227;111244;3133;4;9703329654;S
20240227;111300;3133;1;9703331370;S
20240227;111301;3133;1;9703331626;S
20240227;111302;3133;500;9703331683;S
20240227;111304;3133;5;9703331938;S
20240227;111311;3133.5;1;9703332718;B
20240227;111323;3134;5;9703334042;B
20240227;111329;3134;1;9703334747;B
20240227;111333;3134;18;9703335164;B
20240227;111333;3134;1;9703335165;B
20240227;111337;3134.5;18;9703335663;B
20240227;111337;3134;17;9703335691;S
20240227;111337;3134;1;9703335716;S
20240227;111341;3134.5;1;9703336267;B
20240227;111344;3134.5;1;9703336668;B
20240227;111346;3134;2;9703337077;S
20240227;111348;3134.5;1;9703337410;B
20240227;111352;3134.5;2;9703337778;B
20240227;111357;3134.5;7;9703338338;B
20240227;111357;3134.5;193;9703338407;B
20240227;111357;3135;6;9703338408;B
20240227;111357;3135;5;9703338409;B
20240227;111357;3135;1;9703338410;B
20240227;111401;3135.5;4;9703338825;B
20240227;111406;3135;16;9703339365;S
20240227;111406;3135;1;9703339420;S
20240227;111408;3135;3;9703339639;S
20240227;111412;3135;7;9703340030;S
20240227;111418;3135;4;9703340650;S
20240227;111421;3135;14;9703341178;S
20240227;111421;3135;6;9703341179;S
20240227;111421;3135;7;9703341180;S
20240227;111422;3135.5;3;9703341293;B
20240227;111425;3135;1;9703341649;S
20240227;111432;3135;42;9703342536;S
20240227;111432;3135;6;9703342537;S
20240227;111434;3135.5;2;9703342716;B
20240227;111434;3135.5;10;9703342717;B
20240227;111434;3135.5;4;9703342718;B
20240227;111436;3135.5;1;9703342974;B
20240227;111436;3135;1;9703342982;S
20240227;111437;3135;1;9703343091;S
20240227;111437;3135;1;9703343104;S
20240227;111437;3135.5;5;9703343142;B
20240227;111439;3135.5;5;9703343422;B
20240227;111441;3136;3;9703343664;B
20240227;111443;3136;5;9703344154;B
20240227;111444;3135.5;1;9703344315;S
20240227;111445;3136;1;9703344388;B
20240227;111454;3136.5;1;9703345368;B
20240227;111456;3136;1;9703345528;S
20240227;111456;3136.5;69;9703345563;B
20240227;111456;3136.5;6;9703345564;B
20240227;111456;3137;50;9703345565;B
20240227;111456;3137;46;9703345566;B
20240227;111456;3137;10;9703345567;B
20240227;111456;3137.5;3;9703345568;B
20240227;111456;3138;1;9703345569;B
20240227;111456;3138;16;9703345570;B
20240227;111459;3137;10;9703345837;S
20240227;111503;3138;1;9703346516;B
20240227;111514;3136.5;3;9703348064;S
20240227;111534;3137;1;9703350677;B
20240227;111534;3137;2;9703350678;B
20240227;111538;3137;2;9703351233;B
20240227;111543;3136.5;1;9703351991;S
20240227;111603;3137;1;9703354594;B
20240227;111605;3137;16;9703354838;B
20240227;111622;3136;1;9703356658;S
20240227;111633;3137;2;9703358058;B
20240227;111636;3137;12;9703358429;B
20240227;111655;3136;1;9703360869;S
20240227;111741;3136.5;1;9703366689;S
20240227;111759;3136.5;5;9703369426;S
20240227;111803;3137;10;9703370117;B
20240227;111805;3137;20;9703370331;B
20240227;111806;3136.5;1;9703370434;S
20240227;111809;3137;1;9703370880;B
20240227;111811;3137;3;9703371097;B
20240227;111822;3136.5;9;9703372837;S
20240227;111825;3137;19;9703373400;B
20240227;111828;3137;1;9703373751;B
20240227;111828;3137;11;9703373834;B
20240227;111828;3137;4;9703373835;B
20240227;111830;3136.5;1;9703374320;S
20240227;111836;3136.5;1;9703375125;S
20240227;111843;3136.5;5;9703375994;S
20240227;111850;3137;2;9703377116;B
20240227;111855;3136.5;1;9703377856;S
20240227;111902;3137;5;9703378778;B
20240227;111909;3136.5;6;9703379568;S
20240227;111909;3136.5;6;9703379569;S
20240227;111909;3136.5;96;9703379570;S
