<DATE>;<TIME>;<LAST>;<VOL>;<ID>;<OPER>
20240130;095933;2879.500000000;21;9478383519;B
20240130;095933;2879.500000000;3;9478383520;B
20240130;095933;2879.500000000;34;9478383521;B
20240130;095933;2879.500000000;42;9478383522;B
20240130;095933;2879.500000000;1;9478383523;B
20240130;095933;2879.500000000;7;9478383524;B
20240130;095933;2879.500000000;1;9478383525;B
20240130;095933;2879.500000000;7;9478383526;B
20240130;095933;2879.500000000;5;9478383527;B
20240130;095933;2879.500000000;1;9478383528;B
20240130;095933;2879.500000000;5;9478383529;B
20240130;095933;2879.500000000;1;9478383530;B
20240130;095933;2879.500000000;2;9478383531;B
20240130;095933;2879.500000000;1;9478383532;B
20240130;095933;2879.500000000;3;9478383533;B
20240130;095933;2879.500000000;3;9478383534;B
20240130;095933;2879.500000000;2;9478383535;B
20240130;095933;2879.500000000;5;9478383536;B
20240130;095933;2879.500000000;2;9478383537;B
20240130;095933;2879.500000000;4;9478383538;S
20240130;095933;2879.500000000;6;9478383539;S
20240130;095933;2879.500000000;5;9478383540;S
20240130;095933;2879.500000000;16;9478383541;S
20240130;095933;2879.500000000;50;9478383542;S
20240130;095933;2879.500000000;1;9478383543;S
20240130;095933;2879.500000000;25;9478383544;B
20240130;095933;2879.500000000;67;9478383545;B
20240130;095933;2879.500000000;33;9478383546;B
20240130;095933;2879.500000000;35;9478383547;B
20240130;095933;2879.500000000;10;9478383548;B
20240130;095933;2879.500000000;1;9478383549;B
20240130;095933;2879.500000000;2;9478383550;S
20240130;095933;2879.500000000;19;9478383551;S
20240130;095933;2879.500000000;18;9478383552;S
20240130;095933;2879.500000000;20;9478383553;S
20240130;095933;2879.500000000;1;9478383554;S
20240130;095933;2879.500000000;148;9478383555;S
20240130;095933;2879.500000000;2;9478383556;S
20240130;095933;2879.500000000;101;9478383557;S
20240130;095933;2879.500000000;49;9478383558;S
20240130;095933;2879.500000000;18;9478383559;S
20240130;095933;2879.500000000;23;9478383560;S
20240130;095933;2879.500000000;90;9478383561;S
20240130;095933;2879.500000000;10;9478383562;S
20240130;095933;2879.500000000;3;9478383563;S
20240130;095933;2879.500000000;1;9478383564;S
20240130;095933;2879.500000000;35;9478383565;S
20240130;095933;2879.500000000;17;9478383566;S
20240130;095933;2879.500000000;3;9478383567;S
20240130;095933;2879.500000000;10;9478383568;S
20240130;095933;2879.500000000;8;9478383569;S
20240130;095933;2879.500000000;1;9478383570;S
20240130;095933;2879.500000000;11;9478383571;S
20240130;095933;2879.500000000;8;9478383572;S
20240130;095933;2879.500000000;2;9478383573;S
20240130;095933;2879.500000000;12;9478383574;B
20240130;095933;2879.500000000;2;9478383575;B
20240130;095933;2879.500000000;37;9478383576;B
20240130;095933;2879.500000000;12;9478383577;S
20240130;095933;2879.500000000;95;9478383578;S
20240130;095933;2879.500000000;50;9478383579;S
20240130;095933;2879.500000000;9;9478383580;B
20240130;095933;2879.500000000;2;9478383581;S
20240130;095933;2879.500000000;15;9478383582;S
20240130;095933;2879.500000000;1;9478383583;S
20240130;095933;2879.500000000;10;9478383584;B
20240130;095933;2879.500000000;9;9478383585;B
20240130;095933;2879.500000000;24;9478383586;B
20240130;095933;2879.500000000;1;9478383587;B
20240130;095933;2879.500000000;4;9478383588;B
20240130;095933;2879.500000000;10;9478383589;S
20240130;095933;2879.500000000;20;9478383590;S
20240130;095933;2879.500000000;1;9478383591;S
20240130;095933;2879.500000000;2;9478383592;S
20240130;095933;2879.500000000;10;9478383593;B
20240130;095933;2879.500000000;48;9478383594;S
20240130;095933;2879.500000000;2;9478383595;S
20240130;095933;2879.500000000;5;9478383596;B
20240130;095933;2879.500000000;1;9478383597;S
20240130;095933;2879.500000000;5;9478383598;S
20240130;095933;2879.500000000;1;9478383599;S
20240130;095933;2879.500000000;5;9478383600;S
20240130;095933;2879.500000000;5;9478383601;B
20240130;095933;2879.500000000;1;9478383602;S
20240130;095933;2879.500000000;84;9478383603;S
20240130;095933;2879.500000000;220;9478383604;S
20240130;095933;2879.500000000;15;9478383605;S
20240130;095933;2879.500000000;5;9478383606;S
20240130;095933;2879.500000000;100;9478383607;S
20240130;095933;2879.500000000;10;9478383608;S
20240130;095933;2879.500000000;66;9478383609;S
20240130;095933;2879.500000000;6;9478383610;S
20240130;095933;2879.500000000;1;9478383611;S
20240130;095933;2879.500000000;1;9478383612;S
20240130;095933;2879.500000000;15;9478383613;S
20240130;095933;2879.500000000;30;9478383614;S
20240130;095933;2879.500000000;1;9478383615;S
20240130;095933;2879.500000000;1;9478383616;S
20240130;095933;2879.500000000;10;9478383617;S
20240130;095933;2879.500000000;3;9478383618;S
20240130;095933;2879.500000000;50;9478383619;S
20240130;100000;2879.500000000;27;9478390426;B
20240130;100000;2879.500000000;27;9478390431;B
20240130;100000;2879.500000000;1;9478390676;B
20240130;100000;2879.500000000;1;9478390679;B
20240130;100000;2879.500000000;1;9478390683;B
20240130;100000;2879.500000000;1;9478390693;B
20240130;100000;2879.500000000;1;9478390699;B
20240130;100000;2879.500000000;10;9478390708;B
20240130;100000;2879.500000000;1;9478390746;B
20240130;100000;2879.500000000;1;9478390758;B
20240130;100000;2879.500000000;1;9478390784;B
20240130;100000;2879.500000000;10;9478390798;B
20240130;100000;2879.000000000;20;9478390846;S
20240130;100000;2879.000000000;1;9478390847;B
20240130;100000;2879.000000000;1;9478390861;B
20240130;100000;2879.000000000;1;9478390876;B
20240130;100000;2879.000000000;10;9478390887;B
20240130;100000;2879.000000000;1;9478390933;B
20240130;100000;2879.000000000;10;9478390970;B
20240130;100000;2879.000000000;1;9478391089;B
20240130;100000;2879.000000000;10;9478391099;B
20240130;100000;2879.000000000;1;9478391109;B
20240130;100000;2879.000000000;1;9478391122;B
20240130;100000;2879.000000000;1;9478391129;B
20240130;100000;2879.000000000;1;9478391138;B
20240130;100001;2878.500000000;4;9478391308;S
20240130;100001;2878.500000000;1;9478391379;S
20240130;100001;2878.500000000;4;9478391380;S
20240130;100001;2878.000000000;2;9478391568;S
20240130;100001;2878.000000000;16;9478391569;S
20240130;100001;2878.500000000;1;9478391573;B
20240130;100001;2878.500000000;1;9478391588;B
20240130;100001;2878.500000000;1;9478391601;B
20240130;100001;2878.500000000;1;9478391606;B
20240130;100001;2878.500000000;1;9478391610;B
20240130;100001;2878.500000000;1;9478391635;B
20240130;100001;2878.500000000;1;9478391689;B
20240130;100001;2879.000000000;1;9478391696;B
20240130;100001;2879.000000000;1;9478391703;B
20240130;100001;2878.000000000;19;9478391764;S
20240130;100001;2877.500000000;8;9478391765;S
20240130;100001;2877.500000000;73;9478391766;S
20240130;100001;2878.000000000;8;9478391916;S
20240130;100001;2878.500000000;1;9478391955;B
20240130;100001;2878.000000000;27;9478392036;S
20240130;100001;2877.500000000;150;9478392037;S
20240130;100001;2878.000000000;7;9478392101;S
20240130;100002;2878.000000000;28;9478392398;S
20240130;100002;2877.500000000;47;9478392399;S
20240130;100002;2877.500000000;34;9478392590;S
20240130;100002;2877.500000000;17;9478392632;S
20240130;100002;2878.000000000;35;9478392663;B
20240130;100002;2878.000000000;9;9478392664;B
20240130;100002;2878.500000000;26;9478392665;B
20240130;100002;2878.500000000;10;9478392666;B
20240130;100002;2878.000000000;50;9478392844;B
20240130;100002;2878.500000000;76;9478392845;B
20240130;100002;2878.500000000;9;9478392846;B
20240130;100002;2878.500000000;18;9478392854;S
20240130;100002;2879.000000000;9;9478392872;B
20240130;100002;2878.500000000;20;9478393035;S
20240130;100002;2878.500000000;7;9478393081;S
20240130;100002;2877.500000000;23;9478393082;S
20240130;100002;2877.500000000;3;9478393083;S
20240130;100002;2877.000000000;5;9478393084;S
20240130;100002;2877.000000000;1;9478393085;S
20240130;100002;2877.000000000;7;9478393086;S
20240130;100002;2877.000000000;37;9478393170;S
20240130;100002;2876.500000000;9;9478393171;S
20240130;100002;2876.000000000;1;9478393172;S
20240130;100002;2876.000000000;10;9478393173;S
20240130;100002;2876.000000000;5;9478393174;S
20240130;100002;2876.000000000;8;9478393175;S
20240130;100003;2877.500000000;1;9478393318;B
20240130;100003;2877.500000000;34;9478393337;B
20240130;100003;2877.500000000;7;9478393403;S
20240130;100003;2876.000000000;3;9478393404;S
20240130;100003;2875.500000000;2;9478393430;S
20240130;100003;2875.500000000;84;9478393629;S
20240130;100004;2877.500000000;1;9478393836;B
20240130;100004;2876.000000000;12;9478394163;S
20240130;100005;2876.000000000;6;9478394381;S
20240130;100005;2875.500000000;14;9478394382;S
20240130;100005;2875.500000000;75;9478394383;S
20240130;100005;2875.500000000;25;9478394573;S
20240130;100005;2875.500000000;145;9478394574;S
20240130;100005;2875.500000000;30;9478394575;S
20240130;100005;2876.000000000;18;9478395188;B
20240130;100005;2875.500000000;70;9478395548;S
20240130;100005;2875.500000000;3;9478395549;S
20240130;100005;2875.500000000;27;9478395550;S
20240130;100005;2875.000000000;20;9478395551;S
20240130;100005;2875.000000000;100;9478395552;S
20240130;100005;2875.000000000;5;9478395553;S
20240130;100005;2875.000000000;21;9478395554;S
20240130;100005;2875.000000000;4;9478395555;S
20240130;100005;2876.000000000;1;9478395658;B
20240130;100006;2875.000000000;96;9478395905;S
20240130;100006;2875.000000000;100;9478395906;S
20240130;100006;2875.000000000;4;9478395907;S
20240130;100006;2875.500000000;1;9478396160;B
20240130;100006;2875.500000000;86;9478396243;B
20240130;100006;2876.000000000;12;9478396244;B
20240130;100006;2877.000000000;2;9478396245;B
20240130;100006;2875.500000000;2;9478396477;B
20240130;100006;2875.000000000;1;9478396826;S
20240130;100006;2875.000000000;1;9478396827;S
20240130;100006;2875.000000000;9;9478396932;S
20240130;100006;2875.000000000;5;9478396933;S
20240130;100006;2875.000000000;1;9478396934;S
20240130;100008;2875.000000000;29;9478398111;S
20240130;100008;2875.000000000;26;9478398112;S
20240130;100008;2875.000000000;50;9478398113;S
20240130;100008;2874.500000000;5;9478398114;S
20240130;100008;2874.500000000;11;9478398115;S
20240130;100008;2874.000000000;5;9478398116;S
20240130;100008;2874.000000000;1;9478398117;S
20240130;100008;2874.000000000;5;9478398118;S
20240130;100008;2873.500000000;36;9478398119;S
20240130;100008;2873.000000000;2;9478398120;S
20240130;100008;2873.000000000;4;9478398121;S
20240130;100008;2873.000000000;5;9478398122;S
20240130;100008;2873.000000000;5;9478398123;S
20240130;100008;2873.000000000;27;9478398124;S
20240130;100008;2872.000000000;1;9478398125;S
20240130;100008;2871.500000000;28;9478398126;S
20240130;100008;2874.500000000;4;9478398167;B
20240130;100008;2872.000000000;1;9478398229;S
20240130;100008;2872.500000000;3;9478398285;S
20240130;100008;2871.500000000;2;9478398286;S
20240130;100009;2874.000000000;1;9478398683;B
20240130;100009;2872.000000000;35;9478398913;S
20240130;100009;2872.000000000;25;9478398914;S
20240130;100009;2871.500000000;30;9478398915;S
20240130;100009;2871.500000000;27;9478398916;S
20240130;100009;2871.000000000;1;9478398917;S
20240130;100009;2871.000000000;2;9478398918;S
20240130;100010;2871.000000000;2;9478399073;S
20240130;100010;2871.000000000;12;9478399074;S
20240130;100010;2870.500000000;35;9478399075;S
20240130;100010;2870.500000000;22;9478399076;S
20240130;100010;2870.000000000;20;9478399077;S
20240130;100010;2870.000000000;1;9478399078;S
20240130;100010;2870.000000000;100;9478399079;S
20240130;100010;2870.000000000;4;9478399080;S
20240130;100010;2870.000000000;4;9478399081;S
20240130;100010;2870.500000000;5;9478399084;S
20240130;100010;2870.500000000;3;9478399085;S
20240130;100010;2870.500000000;1;9478399114;S
20240130;100010;2870.500000000;20;9478399140;S
20240130;100010;2869.500000000;27;9478399143;S
20240130;100010;2869.000000000;12;9478399144;S
20240130;100010;2869.000000000;35;9478399145;S
20240130;100010;2868.500000000;35;9478399146;S
20240130;100010;2872.000000000;29;9478399213;B
20240130;100010;2870.000000000;10;9478399285;B
20240130;100010;2869.500000000;29;9478399286;S
20240130;100010;2869.000000000;8;9478399287;S
20240130;100010;2872.000000000;70;9478399355;B
20240130;100010;2873.500000000;15;9478399369;B
20240130;100010;2870.000000000;1;9478399406;S
20240130;100010;2870.000000000;1;9478399445;B
20240130;100010;2871.500000000;3;9478399446;B
20240130;100010;2871.500000000;22;9478399528;B
20240130;100010;2873.000000000;11;9478399529;B
20240130;100011;2870.000000000;35;9478399600;S
20240130;100011;2869.500000000;70;9478399601;S
20240130;100011;2869.500000000;5;9478399602;S
20240130;100011;2869.500000000;1;9478399636;S
20240130;100011;2869.500000000;1;9478399650;S
20240130;100011;2869.500000000;10;9478399651;S
20240130;100011;2869.500000000;20;9478399666;S
20240130;100011;2873.000000000;100;9478399722;B
20240130;100011;2873.000000000;4;9478399728;B
20240130;100011;2873.000000000;10;9478399729;B
20240130;100011;2870.500000000;20;9478399920;S
20240130;100011;2870.500000000;70;9478399973;S
20240130;100011;2870.500000000;6;9478399983;S
20240130;100011;2873.000000000;4;9478400048;B
20240130;100012;2870.500000000;32;9478400131;S
20240130;100012;2870.000000000;10;9478400132;S
20240130;100012;2870.000000000;5;9478400133;S
20240130;100012;2870.000000000;34;9478400134;S
20240130;100012;2869.500000000;23;9478400135;S
20240130;100012;2869.500000000;100;9478400150;B
20240130;100012;2869.000000000;5;9478400153;S
20240130;100014;2871.500000000;5;9478401133;S
20240130;100014;2871.000000000;21;9478401134;S
20240130;100014;2871.000000000;4;9478401184;S
20240130;100014;2870.000000000;35;9478401185;S
20240130;100014;2870.000000000;50;9478401186;S
20240130;100014;2869.500000000;25;9478401187;S
20240130;100014;2868.500000000;15;9478401188;S
20240130;100014;2868.500000000;50;9478401189;S
20240130;100014;2868.500000000;27;9478401190;S
20240130;100014;2868.000000000;1;9478401191;S
20240130;100014;2868.000000000;1;9478401192;S
20240130;100014;2867.500000000;5;9478401193;S
20240130;100014;2867.500000000;1;9478401194;S
20240130;100014;2867.500000000;86;9478401195;S
20240130;100014;2868.000000000;88;9478401203;B
20240130;100014;2867.500000000;4;9478401206;S
20240130;100014;2867.500000000;31;9478401248;S
20240130;100014;2867.000000000;1;9478401249;S
20240130;100014;2867.000000000;30;9478401250;S
20240130;100014;2867.000000000;35;9478401251;S
20240130;100014;2867.500000000;5;9478401259;S
20240130;100014;2867.500000000;7;9478401273;S
20240130;100014;2868.000000000;26;9478401373;B
20240130;100014;2868.000000000;50;9478401374;B
20240130;100014;2868.000000000;50;9478401375;B
20240130;100014;2868.000000000;24;9478401376;B
20240130;100014;2872.500000000;6;9478401377;B
20240130;100014;2867.500000000;17;9478401457;S
20240130;100015;2867.000000000;65;9478401503;S
20240130;100015;2867.000000000;30;9478401504;S
20240130;100015;2867.000000000;2;9478401552;S
20240130;100015;2867.500000000;1;9478401635;S
20240130;100015;2867.500000000;49;9478401636;S
20240130;100015;2867.000000000;40;9478401637;S
20240130;100015;2867.000000000;2;9478401805;S
20240130;100015;2868.000000000;1;9478401829;B
20240130;100016;2868.500000000;200;9478402117;B
20240130;100016;2869.000000000;87;9478402118;B
20240130;100016;2869.500000000;27;9478402119;B
20240130;100016;2872.000000000;33;9478402120;S
20240130;100016;2872.000000000;26;9478402222;S
20240130;100016;2872.000000000;127;9478402271;S
20240130;100016;2869.000000000;27;9478402272;S
20240130;100016;2868.000000000;10;9478402273;S
20240130;100016;2868.000000000;35;9478402274;S
20240130;100016;2867.500000000;1;9478402275;S
20240130;100016;2867.500000000;15;9478402276;S
20240130;100016;2867.500000000;70;9478402277;S
20240130;100016;2867.000000000;15;9478402278;S
20240130;100017;2867.000000000;61;9478402309;S
20240130;100017;2867.000000000;1;9478402310;S
20240130;100017;2867.000000000;10;9478402311;S
20240130;100017;2866.500000000;20;9478402312;S
20240130;100017;2866.500000000;1;9478402313;S
20240130;100017;2866.000000000;5;9478402314;S
20240130;100017;2866.000000000;27;9478402315;S
20240130;100017;2865.500000000;100;9478402316;S
20240130;100017;2865.500000000;51;9478402317;S
20240130;100017;2865.000000000;1;9478402318;S
20240130;100017;2865.000000000;1;9478402319;S
20240130;100017;2865.000000000;22;9478402320;S
20240130;100017;2865.000000000;1;9478402323;S
20240130;100017;2865.000000000;21;9478402369;S
20240130;100017;2865.000000000;11;9478402418;S
20240130;100017;2865.000000000;4;9478402419;S
20240130;100017;2865.000000000;1;9478402451;S
20240130;100017;2865.000000000;4;9478402452;S
20240130;100017;2865.000000000;30;9478402453;S
20240130;100017;2865.000000000;9;9478402454;S
20240130;100017;2864.000000000;17;9478402455;S
20240130;100017;2864.000000000;1;9478402456;S
20240130;100017;2864.000000000;7;9478402457;S
20240130;100017;2864.000000000;1;9478402459;S
20240130;100017;2864.000000000;1;9478402460;S
20240130;100017;2870.500000000;10;9478402473;S
20240130;100017;2865.500000000;1;9478402534;S
20240130;100017;2865.000000000;1;9478402535;S
20240130;100017;2865.000000000;2;9478402536;S
20240130;100017;2864.500000000;27;9478402537;S
20240130;100017;2864.000000000;29;9478402544;B
20240130;100017;2866.000000000;2;9478402556;B
20240130;100017;2863.500000000;1;9478402579;S
20240130;100017;2863.500000000;7;9478402580;S
20240130;100017;2863.000000000;1;9478402581;S
20240130;100017;2863.000000000;2;9478402582;S
20240130;100017;2863.000000000;1;9478402583;S
20240130;100017;2863.000000000;1;9478402584;S
20240130;100017;2863.000000000;2;9478402585;S
20240130;100017;2863.000000000;12;9478402586;S
20240130;100017;2863.000000000;2;9478402587;S
20240130;100017;2862.500000000;1;9478402588;S
20240130;100017;2862.500000000;6;9478402589;S
20240130;100017;2863.000000000;14;9478402594;S
20240130;100017;2865.500000000;5;9478402599;B
20240130;100018;2865.500000000;30;9478402600;B
20240130;100018;2865.000000000;7;9478402608;B
20240130;100018;2865.500000000;30;9478402609;B
20240130;100018;2866.000000000;25;9478402610;B
20240130;100018;2866.000000000;10;9478402613;S
20240130;100018;2866.000000000;1;9478402644;S
20240130;100018;2866.000000000;16;9478402669;S
20240130;100018;2865.500000000;30;9478402670;S
20240130;100018;2865.000000000;23;9478402671;S
20240130;100018;2865.000000000;30;9478402672;S
20240130;100018;2865.000000000;29;9478402673;S
20240130;100018;2865.000000000;20;9478402679;S
20240130;100018;2865.000000000;10;9478402693;S
20240130;100018;2865.000000000;10;9478402700;S
20240130;100018;2865.000000000;2;9478402703;S
20240130;100018;2865.000000000;40;9478402704;S
20240130;100018;2865.000000000;1;9478402713;S
20240130;100018;2865.000000000;9;9478402722;S
20240130;100018;2865.000000000;10;9478402730;S
20240130;100018;2865.000000000;1;9478402743;S
20240130;100018;2865.000000000;8;9478402744;S
20240130;100018;2865.000000000;8;9478402746;S
20240130;100018;2865.000000000;23;9478402747;S
20240130;100018;2865.000000000;29;9478402757;S
20240130;100018;2865.000000000;1;9478402758;S
20240130;100018;2865.000000000;10;9478402759;S
20240130;100018;2864.000000000;14;9478402760;S
20240130;100018;2864.000000000;50;9478402770;S
20240130;100018;2864.000000000;24;9478402771;S
20240130;100018;2864.000000000;10;9478402772;S
20240130;100018;2864.000000000;29;9478402773;S
20240130;100018;2863.500000000;20;9478402774;S
20240130;100018;2863.500000000;10;9478402776;S
20240130;100018;2863.000000000;7;9478402777;S
20240130;100018;2863.000000000;1;9478402782;S
20240130;100018;2863.000000000;13;9478402799;S
20240130;100018;2866.000000000;1;9478402806;B
20240130;100018;2863.500000000;2;9478402812;S
20240130;100018;2863.500000000;4;9478402827;S
20240130;100018;2863.500000000;1;9478402843;S
20240130;100018;2865.500000000;2;9478402848;B
20240130;100018;2865.500000000;28;9478402851;S
20240130;100018;2863.000000000;37;9478402852;S
20240130;100018;2862.500000000;27;9478402853;S
20240130;100018;2862.000000000;1;9478402854;S
20240130;100018;2862.000000000;1;9478402855;S
20240130;100018;2862.000000000;24;9478402856;S
20240130;100018;2861.500000000;50;9478402857;S
20240130;100018;2861.500000000;30;9478402858;S
20240130;100018;2861.500000000;27;9478402859;S
20240130;100018;2865.500000000;27;9478402860;B
20240130;100018;2865.500000000;3;9478402861;B
20240130;100018;2861.500000000;20;9478402868;S
20240130;100018;2863.000000000;7;9478402882;B
20240130;100018;2861.500000000;16;9478402885;S
20240130;100018;2861.000000000;5;9478402886;S
20240130;100018;2861.000000000;1;9478402887;S
20240130;100018;2861.000000000;5;9478402888;S
20240130;100018;2861.000000000;3;9478402889;S
20240130;100018;2861.000000000;30;9478402890;S
20240130;100018;2860.500000000;1;9478402891;S
20240130;100018;2860.500000000;3;9478402892;S
20240130;100018;2860.500000000;21;9478402893;S
20240130;100018;2860.500000000;5;9478402894;S
20240130;100019;2860.500000000;25;9478402940;S
20240130;100019;2860.500000000;1;9478402941;S
20240130;100019;2860.000000000;10;9478402942;S
20240130;100019;2860.000000000;1;9478402943;S
20240130;100019;2860.000000000;1;9478402944;S
20240130;100019;2860.000000000;18;9478402945;S
20240130;100019;2860.000000000;30;9478402946;S
20240130;100019;2860.000000000;2;9478402947;S
20240130;100019;2860.000000000;2;9478402948;S
20240130;100019;2860.000000000;10;9478402949;S
20240130;100019;2860.000000000;1;9478402950;S
20240130;100019;2860.000000000;1;9478402951;S
20240130;100019;2860.000000000;10;9478402952;S
20240130;100019;2860.000000000;1;9478402953;S
20240130;100019;2860.000000000;20;9478402954;S
20240130;100019;2860.000000000;150;9478402955;S
20240130;100019;2859.500000000;4;9478402956;S
20240130;100019;2859.500000000;27;9478402957;S
20240130;100019;2859.000000000;3;9478402958;S
20240130;100019;2859.000000000;17;9478402959;S
20240130;100019;2858.500000000;1;9478402967;S
20240130;100019;2859.500000000;1;9478402968;B
20240130;100019;2861.500000000;20;9478402983;S
20240130;100019;2859.500000000;19;9478402984;S
20240130;100019;2859.500000000;20;9478402985;S
20240130;100019;2859.500000000;10;9478402986;S
20240130;100019;2861.500000000;27;9478402987;B
20240130;100019;2861.500000000;3;9478402988;S
20240130;100019;2862.500000000;2;9478403013;B
20240130;100019;2859.500000000;8;9478403014;S
20240130;100019;2860.500000000;1;9478403019;S
20240130;100019;2860.500000000;1;9478403020;S
20240130;100019;2860.500000000;1;9478403021;S
20240130;100019;2860.500000000;10;9478403022;S
20240130;100019;2860.500000000;19;9478403023;S
20240130;100019;2860.000000000;1;9478403024;B
20240130;100019;2859.500000000;2;9478403025;S
20240130;100019;2858.500000000;1;9478403026;S
20240130;100019;2860.000000000;1;9478403029;B
20240130;100019;2858.500000000;3;9478403030;S
20240130;100019;2860.000000000;4;9478403033;B
20240130;100019;2860.000000000;20;9478403034;B
20240130;100019;2858.500000000;1;9478403035;S
20240130;100019;2860.000000000;5;9478403042;B
20240130;100019;2860.000000000;4;9478403043;B
20240130;100019;2860.000000000;2;9478403044;B
20240130;100019;2860.000000000;2;9478403052;B
20240130;100019;2858.500000000;2;9478403053;S
20240130;100019;2860.000000000;1;9478403057;B
20240130;100019;2860.000000000;11;9478403073;B
20240130;100019;2860.000000000;4;9478403074;B
20240130;100019;2861.000000000;1;9478403098;B
20240130;100019;2861.000000000;30;9478403099;B
20240130;100019;2858.500000000;10;9478403122;S
20240130;100019;2860.000000000;1;9478403125;S
20240130;100019;2861.000000000;30;9478403126;B
20240130;100019;2861.000000000;26;9478403127;B
20240130;100019;2861.000000000;1;9478403133;S
20240130;100019;2861.000000000;3;9478403137;S
20240130;100019;2860.000000000;1;9478403138;S
20240130;100019;2859.500000000;4;9478403139;S
20240130;100019;2858.500000000;7;9478403140;S
20240130;100019;2858.500000000;15;9478403141;S
20240130;100019;2858.500000000;20;9478403146;S
20240130;100019;2858.000000000;1;9478403147;S
20240130;100019;2857.500000000;2;9478403148;S
20240130;100019;2857.500000000;5;9478403149;S
20240130;100019;2857.500000000;6;9478403150;S
20240130;100019;2857.500000000;1;9478403151;S
20240130;100019;2857.500000000;15;9478403152;S
20240130;100019;2857.000000000;1;9478403153;S
20240130;100019;2857.000000000;1;9478403154;S
20240130;100019;2859.500000000;1;9478403155;B
20240130;100019;2859.500000000;30;9478403166;B
20240130;100019;2859.500000000;30;9478403167;B
20240130;100019;2859.500000000;30;9478403168;B
20240130;100019;2859.500000000;13;9478403170;B
20240130;100019;2859.500000000;15;9478403179;S
20240130;100019;2861.000000000;20;9478403203;B
20240130;100019;2859.500000000;1;9478403205;S
20240130;100019;2859.500000000;1;9478403220;S
20240130;100019;2858.000000000;14;9478403221;S
20240130;100019;2857.500000000;104;9478403234;S
20240130;100019;2857.000000000;30;9478403235;S
20240130;100019;2857.000000000;27;9478403236;S
20240130;100019;2855.000000000;1;9478403237;S
20240130;100019;2855.000000000;17;9478403238;S
20240130;100019;2855.500000000;1;9478403239;S
20240130;100019;2855.500000000;26;9478403240;S
20240130;100019;2855.500000000;30;9478403241;S
20240130;100019;2855.000000000;16;9478403242;S
20240130;100019;2854.500000000;5;9478403243;S
20240130;100019;2854.500000000;52;9478403244;S
20240130;100019;2854.500000000;150;9478403245;B
20240130;100019;2854.000000000;1;9478403246;S
20240130;100019;2854.000000000;3;9478403247;S
20240130;100019;2854.000000000;1;9478403248;S
20240130;100019;2854.000000000;10;9478403249;S
20240130;100020;2854.000000000;4;9478403258;S
20240130;100020;2854.500000000;30;9478403259;B
20240130;100020;2854.500000000;30;9478403260;B
20240130;100020;2854.500000000;30;9478403261;B
20240130;100020;2854.000000000;5;9478403264;S
20240130;100020;2854.500000000;30;9478403265;B
20240130;100020;2854.500000000;1;9478403266;B
20240130;100020;2858.500000000;27;9478403267;B
20240130;100020;2858.500000000;3;9478403268;B
20240130;100020;2858.500000000;30;9478403269;B
20240130;100020;2858.500000000;30;9478403270;B
20240130;100020;2858.500000000;20;9478403271;B
20240130;100020;2858.500000000;2;9478403273;B
20240130;100020;2858.500000000;2;9478403279;B
20240130;100020;2859.000000000;3;9478403280;B
20240130;100020;2859.500000000;5;9478403281;B
20240130;100020;2856.000000000;2;9478403283;S
20240130;100020;2856.000000000;9;9478403288;S
20240130;100020;2859.500000000;3;9478403290;B
20240130;100020;2856.000000000;5;9478403298;S
20240130;100020;2855.500000000;2;9478403299;S
20240130;100020;2858.500000000;2;9478403300;B
20240130;100020;2855.500000000;1;9478403301;S
20240130;100020;2858.500000000;2;9478403306;B
20240130;100020;2855.500000000;5;9478403307;S
20240130;100020;2855.500000000;5;9478403311;S
20240130;100020;2855.500000000;15;9478403316;S
20240130;100020;2855.500000000;2;9478403320;S
20240130;100020;2855.500000000;1;9478403321;S
20240130;100020;2854.500000000;19;9478403323;S
20240130;100020;2854.000000000;16;9478403324;S
20240130;100020;2854.500000000;27;9478403327;S
20240130;100020;2854.000000000;5;9478403328;S
20240130;100020;2854.000000000;3;9478403329;B
20240130;100020;2854.000000000;10;9478403331;S
20240130;100020;2857.500000000;4;9478403334;B
20240130;100020;2858.000000000;1;9478403342;B
20240130;100020;2855.500000000;5;9478403347;S
20240130;100020;2854.500000000;4;9478403348;S
20240130;100020;2854.000000000;8;9478403349;S
20240130;100020;2857.500000000;1;9478403350;B
20240130;100020;2855.000000000;1;9478403363;B
20240130;100020;2854.000000000;3;9478403370;S
20240130;100020;2854.000000000;4;9478403371;S
20240130;100020;2854.000000000;5;9478403372;S
20240130;100020;2853.500000000;1;9478403373;S
20240130;100020;2853.500000000;27;9478403374;S
20240130;100020;2853.000000000;1;9478403375;S
20240130;100020;2853.000000000;2;9478403376;S
20240130;100020;2852.500000000;2;9478403377;S
20240130;100020;2852.500000000;1;9478403378;S
20240130;100020;2852.500000000;1;9478403379;S
20240130;100020;2852.500000000;1;9478403380;S
20240130;100020;2852.000000000;1;9478403381;S
20240130;100020;2852.000000000;3;9478403382;S
20240130;100020;2852.500000000;18;9478403386;S
20240130;100020;2855.000000000;4;9478403390;B
20240130;100020;2855.000000000;76;9478403391;B
20240130;100020;2852.500000000;9;9478403395;S
20240130;100020;2852.000000000;5;9478403396;S
20240130;100020;2854.500000000;30;9478403397;B
20240130;100020;2854.500000000;6;9478403440;B
20240130;100020;2854.500000000;26;9478403444;B
20240130;100020;2854.500000000;2;9478403447;B
20240130;100020;2854.000000000;3;9478403467;S
20240130;100020;2854.000000000;1;9478403468;S
20240130;100020;2853.500000000;6;9478403469;S
20240130;100020;2854.500000000;3;9478403477;B
20240130;100020;2853.500000000;15;9478403487;S
20240130;100020;2854.500000000;30;9478403493;B
20240130;100020;2854.500000000;3;9478403494;B
20240130;100020;2854.500000000;3;9478403495;S
20240130;100020;2855.500000000;3;9478403503;B
20240130;100020;2854.500000000;4;9478403505;S
20240130;100020;2853.500000000;2;9478403506;S
20240130;100020;2852.500000000;11;9478403507;S
20240130;100020;2852.500000000;1;9478403509;S
20240130;100020;2855.500000000;4;9478403517;B
20240130;100020;2852.500000000;1;9478403521;S
20240130;100020;2855.500000000;20;9478403526;B
20240130;100020;2855.500000000;10;9478403538;B
20240130;100020;2855.000000000;10;9478403541;S
20240130;100020;2855.000000000;2;9478403542;S
20240130;100020;2855.000000000;2;9478403553;S
20240130;100020;2855.500000000;1;9478403581;B
20240130;100020;2856.000000000;2;9478403624;B
20240130;100020;2856.500000000;3;9478403625;B
20240130;100021;2857.000000000;1;9478403642;S
20240130;100021;2857.000000000;9;9478403649;S
20240130;100021;2857.000000000;1;9478403650;S
20240130;100021;2857.000000000;5;9478403666;S
20240130;100021;2857.000000000;10;9478403667;S
20240130;100021;2857.000000000;10;9478403668;S
20240130;100021;2857.000000000;10;9478403669;S
20240130;100021;2856.000000000;1;9478403670;S
20240130;100021;2855.500000000;14;9478403671;S
20240130;100021;2855.000000000;2;9478403672;S
20240130;100021;2855.000000000;28;9478403697;S
20240130;100021;2855.000000000;1;9478403698;S
20240130;100021;2855.000000000;20;9478403699;S
20240130;100021;2854.500000000;1;9478403700;S
20240130;100021;2854.500000000;2;9478403701;S
20240130;100021;2857.500000000;3;9478403713;B
20240130;100021;2856.500000000;1;9478403727;S
20240130;100021;2856.500000000;4;9478403728;S
20240130;100021;2855.000000000;1;9478403729;S
20240130;100021;2854.500000000;5;9478403730;S
20240130;100021;2854.500000000;36;9478403734;S
20240130;100021;2854.500000000;1;9478403737;S
20240130;100021;2858.000000000;27;9478403784;B
20240130;100021;2858.500000000;6;9478403785;B
20240130;100021;2858.500000000;70;9478403786;B
20240130;100021;2859.000000000;3;9478403787;B
20240130;100021;2855.500000000;10;9478403795;S
20240130;100021;2855.500000000;35;9478403810;S
20240130;100021;2855.500000000;2;9478403865;S
20240130;100021;2855.500000000;1;9478403906;S
20240130;100021;2857.000000000;2;9478403931;B
20240130;100021;2857.000000000;1;9478403938;B
20240130;100021;2855.500000000;39;9478403984;S
20240130;100021;2855.500000000;27;9478403985;S
20240130;100021;2855.000000000;73;9478403986;S
20240130;100021;2855.500000000;87;9478404029;S
20240130;100021;2855.000000000;13;9478404030;S
20240130;100022;2857.000000000;67;9478404101;B
20240130;100022;2859.000000000;27;9478404166;B
20240130;100022;2859.500000000;5;9478404167;B
20240130;100022;2860.000000000;3;9478404168;B
20240130;100022;2860.000000000;10;9478404169;B
20240130;100022;2860.000000000;2;9478404170;B
20240130;100022;2860.000000000;1;9478404171;B
20240130;100022;2860.000000000;5;9478404172;B
20240130;100022;2860.000000000;2;9478404173;B
20240130;100022;2861.000000000;27;9478404174;B
20240130;100022;2861.500000000;18;9478404175;B
20240130;100022;2858.500000000;5;9478404295;S
20240130;100022;2860.000000000;1;9478404305;B
20240130;100023;2861.000000000;27;9478404312;B
20240130;100023;2861.500000000;23;9478404313;B
20240130;100023;2859.000000000;30;9478404323;S
20240130;100023;2859.500000000;30;9478404348;B
20240130;100023;2861.000000000;1;9478404357;S
20240130;100023;2861.500000000;59;9478404389;B
20240130;100023;2862.000000000;2;9478404390;B
20240130;100023;2862.500000000;27;9478404391;B
20240130;100023;2863.000000000;3;9478404392;B
20240130;100023;2863.000000000;31;9478404393;B
20240130;100023;2863.500000000;18;9478404394;B
20240130;100023;2863.500000000;30;9478404395;B
20240130;100023;2864.000000000;2;9478404396;B
20240130;100023;2864.000000000;28;9478404397;B
20240130;100023;2864.000000000;9;9478404398;B
20240130;100023;2861.000000000;10;9478404449;S
20240130;100023;2864.000000000;18;9478404472;B
20240130;100023;2864.000000000;10;9478404473;B
20240130;100023;2864.500000000;8;9478404474;B
20240130;100023;2864.500000000;164;9478404475;B
20240130;100023;2865.000000000;4;9478404583;B
20240130;100024;2865.000000000;1;9478404613;B
20240130;100024;2863.000000000;5;9478404653;S
20240130;100024;2865.000000000;6;9478404741;B
20240130;100024;2865.000000000;1;9478404755;B
20240130;100025;2864.500000000;4;9478404818;B
20240130;100025;2865.000000000;1;9478404819;B
20240130;100025;2865.000000000;5;9478404949;B
20240130;100026;2864.000000000;1;9478405029;S
20240130;100026;2864.000000000;2;9478405031;S
20240130;100026;2864.000000000;1;9478405072;S
20240130;100027;2864.000000000;8;9478405115;S
20240130;100027;2864.000000000;38;9478405142;S
20240130;100027;2863.500000000;2;9478405143;S
20240130;100027;2865.000000000;5;9478405266;B
20240130;100028;2863.000000000;3;9478405311;S
20240130;100028;2865.000000000;100;9478405317;B
20240130;100028;2865.000000000;87;9478405327;B
20240130;100028;2863.500000000;2;9478405415;S
20240130;100028;2863.500000000;6;9478405416;S
20240130;100028;2863.500000000;2;9478405417;S
20240130;100028;2863.000000000;25;9478405418;S
20240130;100028;2865.000000000;87;9478405435;B
20240130;100029;2864.500000000;2;9478405539;S
20240130;100029;2863.000000000;17;9478405540;S
20240130;100029;2863.000000000;7;9478405541;S
20240130;100029;2865.000000000;20;9478405637;B
20240130;100031;2865.000000000;10;9478405957;B
20240130;100031;2863.500000000;10;9478405981;S
20240130;100031;2863.500000000;5;9478406133;S
20240130;100031;2863.500000000;40;9478406216;S
20240130;100031;2863.500000000;10;9478406223;S
20240130;100032;2863.500000000;50;9478406396;S
20240130;100032;2864.500000000;1;9478406443;B
20240130;100032;2865.000000000;19;9478406444;B
20240130;100032;2863.500000000;1;9478406445;S
20240130;100033;2865.000000000;26;9478406561;B
20240130;100033;2865.000000000;10;9478406575;S
20240130;100034;2865.500000000;1;9478406843;S
20240130;100035;2866.000000000;34;9478406957;B
20240130;100036;2866.000000000;50;9478407196;S
20240130;100036;2866.500000000;1;9478407218;B
20240130;100036;2869.000000000;1;9478407346;B
20240130;100036;2869.000000000;11;9478407347;B
20240130;100037;2869.000000000;1;9478407414;B
20240130;100037;2869.500000000;1;9478407519;B
20240130;100037;2866.500000000;104;9478407530;S
20240130;100037;2866.000000000;2;9478407531;S
20240130;100038;2868.000000000;1;9478407749;B
20240130;100038;2869.000000000;4;9478407750;B
20240130;100039;2866.500000000;10;9478407801;S
20240130;100039;2866.000000000;21;9478407802;S
20240130;100039;2865.500000000;2;9478407803;S
20240130;100040;2866.000000000;1;9478408148;S
20240130;100040;2865.500000000;5;9478408149;S
20240130;100040;2865.000000000;14;9478408150;S
20240130;100040;2865.000000000;150;9478408151;S
20240130;100040;2865.000000000;27;9478408152;S
20240130;100040;2863.500000000;3;9478408153;S
20240130;100040;2867.500000000;1;9478408158;B
20240130;100041;2867.000000000;16;9478408317;B
20240130;100042;2865.500000000;1;9478408393;S
20240130;100042;2867.000000000;4;9478408509;B
20240130;100042;2867.000000000;10;9478408510;B
20240130;100042;2867.500000000;26;9478408511;B
20240130;100042;2868.000000000;10;9478408512;B
20240130;100044;2867.000000000;1;9478409020;B
20240130;100044;2867.000000000;2;9478409021;B
20240130;100045;2865.000000000;1;9478409097;S
20240130;100045;2864.500000000;3;9478409098;S
20240130;100045;2864.500000000;7;9478409131;S
20240130;100045;2864.000000000;10;9478409132;S
20240130;100045;2864.000000000;3;9478409133;S
20240130;100045;2863.500000000;19;9478409134;S
20240130;100046;2865.000000000;5;9478409354;S
20240130;100046;2863.500000000;15;9478409425;S
20240130;100046;2863.500000000;35;9478409485;S
20240130;100046;2862.500000000;5;9478409486;S
20240130;100046;2862.500000000;30;9478409487;S
20240130;100047;2862.000000000;1;9478409562;S
20240130;100050;2862.000000000;15;9478410296;S
20240130;100051;2862.000000000;11;9478410423;S
20240130;100051;2861.500000000;10;9478410424;S
20240130;100051;2861.000000000;70;9478410425;S
20240130;100051;2861.000000000;9;9478410426;S
20240130;100052;2863.000000000;1;9478410651;B
20240130;100052;2863.500000000;1;9478410652;B
20240130;100052;2864.000000000;35;9478410653;B
20240130;100052;2864.500000000;4;9478410654;B
20240130;100052;2864.500000000;5;9478410655;B
20240130;100052;2865.000000000;54;9478410656;B
20240130;100053;2865.000000000;3;9478410756;B
20240130;100053;2861.500000000;1;9478411373;S
20240130;100055;2865.500000000;1;9478412586;B
20240130;100056;2863.000000000;9;9478412649;S
20240130;100056;2865.500000000;9;9478412704;B
20240130;100056;2866.000000000;27;9478412705;B
20240130;100056;2867.000000000;4;9478412706;B
20240130;100056;2867.000000000;37;9478412707;B
20240130;100057;2863.500000000;94;9478412986;S
20240130;100057;2863.000000000;78;9478412987;S
20240130;100057;2863.000000000;27;9478412988;S
20240130;100057;2863.000000000;20;9478412989;S
20240130;100057;2862.500000000;7;9478412990;S
20240130;100057;2862.500000000;274;9478412991;S
20240130;100057;2861.500000000;27;9478413024;S
20240130;100057;2861.500000000;84;9478413025;S
20240130;100057;2861.500000000;3;9478413122;S
20240130;100057;2861.000000000;5;9478413123;S
20240130;100059;2865.000000000;5;9478413502;B
20240130;100100;2866.000000000;4;9478413569;B
20240130;100102;2864.000000000;5;9478414018;S
20240130;100102;2864.500000000;1;9478414026;B
20240130;100102;2864.500000000;1;9478414175;B
20240130;100102;2864.500000000;6;9478414176;B
20240130;100102;2865.000000000;27;9478414177;B
20240130;100102;2866.500000000;86;9478414178;B
20240130;100102;2866.500000000;27;9478414210;B
20240130;100102;2867.000000000;1;9478414211;B
20240130;100102;2867.000000000;6;9478414212;B
20240130;100102;2867.000000000;5;9478414213;B
20240130;100102;2868.000000000;8;9478414214;B
20240130;100102;2868.000000000;15;9478414215;B
20240130;100104;2864.500000000;2;9478414569;S
20240130;100104;2864.000000000;57;9478414706;S
20240130;100104;2863.500000000;23;9478414707;S
20240130;100105;2863.000000000;8;9478414790;S
20240130;100106;2862.500000000;7;9478414922;S
20240130;100106;2862.500000000;1;9478415012;S
20240130;100106;2862.500000000;3;9478415081;S
20240130;100106;2862.500000000;1;9478415114;S
20240130;100107;2862.500000000;6;9478415164;S
20240130;100107;2863.000000000;5;9478415256;B
20240130;100108;2862.500000000;9;9478415355;S
20240130;100108;2862.500000000;1;9478415449;S
20240130;100109;2862.500000000;2;9478415499;S
20240130;100110;2862.500000000;3;9478415619;S
20240130;100110;2863.000000000;2;9478415686;B
20240130;100111;2862.500000000;4;9478415774;S
20240130;100111;2863.000000000;3;9478415899;B
20240130;100111;2863.000000000;31;9478415902;B
20240130;100114;2864.000000000;15;9478416532;B
20240130;100114;2864.500000000;6;9478416533;B
20240130;100114;2865.000000000;4;9478416534;B
20240130;100115;2863.000000000;19;9478416649;S
20240130;100115;2863.000000000;181;9478416650;S
20240130;100117;2863.500000000;39;9478417236;B
20240130;100117;2864.000000000;6;9478417237;B
20240130;100117;2864.500000000;2;9478417238;B
20240130;100117;2865.000000000;12;9478417239;B
20240130;100117;2865.500000000;27;9478417240;B
20240130;100117;2866.000000000;2;9478417304;S
20240130;100117;2866.000000000;3;9478417306;S
20240130;100118;2867.500000000;10;9478417452;B
20240130;100121;2867.000000000;2;9478417986;B
20240130;100123;2866.500000000;1;9478418500;S
20240130;100123;2866.000000000;1;9478418571;S
20240130;100123;2866.000000000;35;9478418595;S
20240130;100123;2866.000000000;4;9478418668;S
20240130;100125;2867.500000000;2;9478418899;B
20240130;100125;2866.000000000;34;9478418905;S
20240130;100126;2866.000000000;55;9478419041;S
20240130;100131;2867.000000000;3;9478419879;B
20240130;100134;2867.000000000;1;9478420265;B
20240130;100134;2867.000000000;9;9478420401;B
20240130;100136;2866.500000000;6;9478420712;S
20240130;100136;2866.000000000;13;9478420713;S
20240130;100136;2866.000000000;1;9478420714;S
20240130;100136;2865.500000000;4;9478420715;S
20240130;100139;2866.000000000;5;9478421069;S
20240130;100139;2865.500000000;15;9478421070;S
20240130;100141;2865.500000000;10;9478421692;S
20240130;100142;2865.500000000;45;9478421808;S
20240130;100143;2865.500000000;3;9478421912;S
20240130;100143;2865.500000000;3;9478421940;S
20240130;100143;2866.000000000;100;9478421996;S
20240130;100143;2865.500000000;1;9478422151;S
20240130;100143;2865.500000000;4;9478422166;S
20240130;100143;2866.500000000;4;9478422198;B
20240130;100144;2866.500000000;2;9478422291;B
20240130;100144;2866.000000000;1;9478422302;S
20240130;100144;2866.500000000;1;9478422307;B
20240130;100145;2866.000000000;1;9478422445;S
20240130;100145;2866.000000000;18;9478422465;S
20240130;100146;2866.500000000;15;9478422632;B
20240130;100146;2866.500000000;5;9478422660;B
20240130;100146;2867.000000000;35;9478422661;B
20240130;100148;2867.000000000;14;9478423063;B
20240130;100148;2866.500000000;5;9478423070;S
20240130;100150;2867.000000000;2;9478423440;B
20240130;100151;2866.500000000;7;9478423529;S
20240130;100151;2867.000000000;11;9478423630;B
20240130;100151;2867.500000000;40;9478423631;B
20240130;100151;2867.500000000;70;9478423632;B
20240130;100151;2867.500000000;1;9478423633;B
20240130;100151;2868.000000000;100;9478423634;B
20240130;100151;2868.000000000;67;9478423635;B
20240130;100155;2868.500000000;5;9478424263;B
20240130;100159;2868.500000000;22;9478424941;B
20240130;100159;2868.500000000;87;9478424942;B
20240130;100200;2869.000000000;1;9478425105;B
20240130;100200;2869.000000000;1;9478425133;B
20240130;100202;2868.500000000;7;9478425333;S
20240130;100202;2869.000000000;1;9478425337;B
20240130;100202;2868.500000000;28;9478425412;S
20240130;100203;2868.500000000;1;9478425571;S
20240130;100203;2869.000000000;15;9478425576;B
20240130;100203;2869.000000000;87;9478425577;B
20240130;100203;2869.000000000;14;9478425578;B
20240130;100203;2868.500000000;1;9478425594;S
20240130;100203;2868.500000000;12;9478425644;S
20240130;100204;2868.500000000;1;9478425711;S
20240130;100204;2869.000000000;13;9478425724;B
20240130;100204;2869.000000000;17;9478425725;B
20240130;100205;2869.000000000;1;9478425847;B
20240130;100205;2868.500000000;2;9478425862;S
20240130;100205;2869.000000000;51;9478425937;B
20240130;100206;2869.000000000;10;9478425998;B
20240130;100206;2869.000000000;1;9478426026;B
20240130;100206;2868.500000000;20;9478426052;S
20240130;100207;2868.500000000;3;9478426208;S
20240130;100208;2869.000000000;16;9478426266;B
20240130;100208;2869.000000000;17;9478426355;B
20240130;100210;2868.500000000;2;9478426815;S
20240130;100210;2868.500000000;9;9478426860;S
20240130;100211;2868.500000000;2;9478426947;S
20240130;100211;2868.500000000;3;9478426987;S
20240130;100211;2868.500000000;5;9478426988;S
20240130;100214;2869.000000000;1;9478427616;B
20240130;100214;2869.500000000;1;9478427617;B
20240130;100214;2869.500000000;6;9478427618;B
20240130;100214;2869.500000000;5;9478427619;B
20240130;100214;2869.500000000;87;9478427620;B
20240130;100214;2869.500000000;10;9478427621;B
20240130;100214;2870.000000000;3;9478427622;B
20240130;100214;2870.000000000;5;9478427623;B
20240130;100214;2870.000000000;27;9478427624;B
20240130;100216;2870.500000000;23;9478427921;B
20240130;100216;2870.500000000;5;9478427922;B
20240130;100216;2871.500000000;2;9478427923;B
20240130;100219;2870.500000000;35;9478428422;S
20240130;100219;2870.500000000;30;9478428423;S
20240130;100219;2870.000000000;5;9478428424;S
20240130;100219;2870.000000000;6;9478428425;S
20240130;100219;2869.500000000;29;9478428426;S
20240130;100219;2871.000000000;1;9478428469;B
20240130;100225;2870.000000000;1;9478429483;B
20240130;100226;2871.000000000;35;9478429687;B
20240130;100226;2871.000000000;3;9478429688;B
20240130;100228;2870.000000000;1;9478429952;S
20240130;100231;2870.500000000;6;9478430494;B
20240130;100231;2871.000000000;49;9478430495;B
20240130;100232;2871.000000000;85;9478430748;S
20240130;100232;2871.000000000;30;9478430749;S
20240130;100232;2870.500000000;35;9478430750;S
20240130;100233;2870.500000000;10;9478430889;S
20240130;100233;2870.500000000;5;9478430962;S
20240130;100233;2870.500000000;5;9478430963;S
20240130;100234;2870.500000000;1;9478431023;S
20240130;100234;2870.500000000;10;9478431039;S
20240130;100234;2870.500000000;10;9478431066;S
20240130;100236;2871.000000000;3;9478431343;B
20240130;100240;2871.000000000;27;9478432121;B
20240130;100240;2871.000000000;10;9478432122;B
20240130;100240;2871.500000000;13;9478432123;B
20240130;100241;2870.500000000;2;9478432284;S
20240130;100241;2871.000000000;1;9478432306;B
20240130;100242;2870.500000000;2;9478432572;S
20240130;100242;2870.500000000;25;9478432573;S
20240130;100242;2870.500000000;2;9478432574;S
20240130;100242;2870.000000000;71;9478432575;S
20240130;100242;2871.000000000;4;9478432610;B
20240130;100242;2871.000000000;5;9478432613;B
20240130;100242;2871.000000000;1;9478432714;B
20240130;100243;2871.000000000;10;9478432775;B
20240130;100243;2871.000000000;4;9478432862;B
20240130;100243;2870.500000000;1;9478432894;S
20240130;100246;2871.000000000;5;9478433389;B
20240130;100246;2871.000000000;15;9478433397;B
20240130;100246;2871.000000000;2;9478433430;B
20240130;100246;2870.500000000;2;9478433486;S
20240130;100247;2871.000000000;6;9478433636;B
20240130;100247;2870.500000000;1;9478433720;S
20240130;100248;2871.000000000;2;9478433818;B
20240130;100251;2871.000000000;1;9478434464;B
20240130;100251;2871.000000000;2;9478434465;B
20240130;100253;2871.000000000;3;9478434928;B
20240130;100254;2870.500000000;8;9478435073;S
20240130;100254;2870.500000000;20;9478435074;S
20240130;100255;2870.500000000;10;9478435379;S
20240130;100255;2870.500000000;20;9478435380;S
20240130;100255;2870.500000000;1;9478435381;S
20240130;100255;2870.500000000;1;9478435382;S
20240130;100255;2870.500000000;50;9478435383;S
20240130;100255;2870.500000000;4;9478435384;S
20240130;100255;2871.000000000;10;9478435388;B
20240130;100256;2871.000000000;11;9478435525;B
20240130;100256;2871.000000000;1;9478435526;B
20240130;100256;2871.500000000;27;9478435527;B
20240130;100256;2871.500000000;1;9478435528;B
20240130;100300;2871.500000000;6;9478436338;B
20240130;100300;2871.000000000;1;9478436588;S
20240130;100300;2871.000000000;30;9478436589;S
20240130;100300;2871.000000000;6;9478436590;S
20240130;100300;2871.000000000;6;9478436591;S
20240130;100300;2870.500000000;25;9478436592;S
20240130;100300;2870.500000000;6;9478436593;S
20240130;100300;2870.500000000;15;9478436594;S
20240130;100300;2870.000000000;28;9478436595;S
20240130;100300;2870.000000000;1;9478436596;S
20240130;100300;2870.000000000;5;9478436597;S
20240130;100300;2870.000000000;41;9478436598;S
20240130;100306;2871.500000000;27;9478438138;B
20240130;100306;2872.000000000;10;9478438139;B
20240130;100306;2872.000000000;3;9478438140;B
20240130;100306;2872.000000000;111;9478438141;B
20240130;100306;2872.000000000;69;9478438142;B
20240130;100306;2872.500000000;1;9478438267;B
20240130;100306;2872.500000000;9;9478438268;B
20240130;100310;2871.500000000;3;9478439028;S
20240130;100310;2871.500000000;10;9478439029;S
20240130;100312;2872.000000000;30;9478439295;S
20240130;100312;2871.500000000;2;9478439296;S
20240130;100312;2871.500000000;6;9478439297;S
20240130;100312;2871.000000000;1;9478439298;S
20240130;100312;2870.500000000;2;9478439299;S
20240130;100312;2870.500000000;1;9478439300;S
20240130;100312;2870.500000000;2;9478439301;S
20240130;100312;2870.000000000;1;9478439302;S
20240130;100312;2872.500000000;3;9478439359;B
20240130;100316;2871.500000000;1;9478439820;S
20240130;100316;2871.500000000;20;9478439821;S
20240130;100316;2871.000000000;30;9478439822;S
20240130;100316;2871.000000000;6;9478439823;S
20240130;100316;2870.500000000;43;9478439824;S
20240130;100317;2873.000000000;1;9478440060;B
20240130;100318;2871.000000000;1;9478440214;S
20240130;100318;2870.500000000;1;9478440215;S
20240130;100318;2870.500000000;6;9478440216;S
20240130;100320;2870.000000000;900;9478440460;S
20240130;100320;2870.000000000;1;9478440465;S
20240130;100320;2870.500000000;28;9478440503;B
20240130;100321;2870.000000000;100;9478440560;S
20240130;100321;2870.000000000;57;9478440563;S
20240130;100321;2870.000000000;2;9478440566;S
20240130;100321;2870.000000000;1;9478440567;S
20240130;100321;2870.000000000;3;9478440568;S
20240130;100321;2870.500000000;3;9478440646;B
20240130;100322;2870.000000000;37;9478440755;S
20240130;100322;2870.000000000;463;9478440756;S
20240130;100322;2870.000000000;3;9478440757;S
20240130;100322;2870.000000000;16;9478440758;S
20240130;100322;2870.000000000;18;9478440857;S
20240130;100322;2870.000000000;7;9478440858;S
20240130;100325;2870.000000000;3;9478441377;S
20240130;100326;2869.000000000;2;9478441794;S
20240130;100327;2869.000000000;20;9478441922;S
20240130;100328;2870.500000000;1;9478442304;B
20240130;100331;2870.000000000;2;9478443289;S
20240130;100331;2870.500000000;7;9478443386;B
20240130;100331;2871.000000000;3;9478443387;B
20240130;100331;2871.000000000;4;9478443434;B
20240130;100332;2869.000000000;3;9478443557;S
20240130;100335;2868.500000000;4;9478444430;S
20240130;100335;2870.500000000;7;9478444440;B
20240130;100335;2871.000000000;3;9478444441;B
20240130;100335;2871.000000000;10;9478444442;B
20240130;100337;2870.000000000;42;9478444989;S
20240130;100338;2870.500000000;2;9478445103;B
20240130;100338;2870.500000000;2;9478445104;B
20240130;100341;2870.000000000;11;9478445508;S
20240130;100341;2870.000000000;1;9478445509;S
20240130;100343;2870.000000000;1;9478445882;B
20240130;100345;2870.500000000;1;9478446331;B
20240130;100353;2870.000000000;1;9478447867;S
20240130;100354;2870.500000000;4;9478448096;B
20240130;100356;2870.500000000;1;9478448439;S
20240130;100356;2870.000000000;1;9478448440;S
20240130;100357;2870.000000000;1;9478448557;S
20240130;100357;2870.000000000;14;9478448626;S
20240130;100357;2869.500000000;1;9478448627;S
20240130;100359;2870.500000000;10;9478449012;B
20240130;100400;2870.000000000;4;9478449117;S
20240130;100401;2870.500000000;1;9478449300;B
20240130;100401;2870.000000000;3;9478449311;S
20240130;100402;2870.000000000;1;9478449455;S
20240130;100402;2870.000000000;1;9478449501;S
20240130;100403;2870.000000000;1;9478449663;S
20240130;100403;2870.000000000;18;9478449720;S
20240130;100403;2870.000000000;1;9478449757;S
20240130;100404;2870.000000000;1;9478449892;S
20240130;100405;2870.000000000;9;9478450007;S
20240130;100406;2870.500000000;1;9478450195;B
20240130;100408;2870.000000000;1;9478450580;S
20240130;100409;2870.000000000;1;9478450838;S
20240130;100409;2870.000000000;19;9478450839;S
20240130;100410;2870.000000000;1;9478450927;S
20240130;100410;2870.000000000;2;9478450966;S
20240130;100410;2870.000000000;1;9478450967;S
20240130;100410;2870.000000000;2;9478450968;S
20240130;100413;2869.500000000;1;9478451597;S
20240130;100413;2869.500000000;8;9478451608;S
20240130;100417;2870.000000000;1;9478452104;B
20240130;100417;2870.500000000;19;9478452105;B
20240130;100417;2869.500000000;18;9478452257;S
20240130;100417;2869.500000000;6;9478452258;S
20240130;100420;2870.000000000;5;9478452701;B
20240130;100421;2870.000000000;2;9478452912;B
20240130;100423;2870.000000000;3;9478453313;B
20240130;100423;2870.000000000;490;9478453440;B
20240130;100423;2870.000000000;10;9478453441;B
20240130;100426;2869.500000000;1;9478454161;S
20240130;100429;2870.000000000;1;9478454660;S
20240130;100431;2870.000000000;10;9478454882;S
20240130;100435;2870.000000000;39;9478455410;S
20240130;100435;2870.000000000;1;9478455449;B
20240130;100435;2870.000000000;5;9478455468;B
20240130;100437;2870.000000000;1;9478455792;B
20240130;100441;2869.500000000;3;9478456613;S
20240130;100444;2870.000000000;3;9478457138;B
20240130;100444;2870.000000000;1;9478457139;B
20240130;100445;2870.000000000;1;9478457233;B
20240130;100453;2870.500000000;1;9478458991;B
20240130;100453;2870.500000000;9;9478458992;B
20240130;100454;2870.500000000;10;9478459032;B
20240130;100455;2869.500000000;23;9478459177;S
20240130;100455;2869.500000000;6;9478459178;S
20240130;100459;2870.500000000;1;9478460024;B
20240130;100500;2870.000000000;1;9478460064;S
20240130;100500;2870.000000000;6;9478460065;S
20240130;100500;2869.500000000;27;9478460066;S
20240130;100503;2869.500000000;320;9478460876;B
20240130;100505;2869.000000000;1;9478461207;S
20240130;100505;2869.000000000;5;9478461208;S
20240130;100505;2869.000000000;1;9478461209;S
20240130;100505;2869.000000000;13;9478461210;S
20240130;100506;2869.000000000;7;9478461333;S
20240130;100506;2869.000000000;2;9478461334;S
20240130;100506;2869.000000000;6;9478461335;S
20240130;100510;2869.000000000;1;9478462667;S
20240130;100511;2869.500000000;1;9478462721;B
20240130;100512;2868.500000000;9;9478462900;S
20240130;100513;2869.500000000;1;9478463113;B
20240130;100516;2869.000000000;6;9478463639;S
20240130;100516;2869.500000000;11;9478463640;B
20240130;100521;2869.000000000;6;9478464859;S
20240130;100523;2869.500000000;51;9478465298;B
20240130;100523;2869.500000000;3;9478465299;B
20240130;100524;2869.500000000;46;9478465498;S
20240130;100524;2869.000000000;2;9478465499;S
20240130;100524;2869.500000000;4;9478465540;S
20240130;100525;2869.500000000;1;9478465713;S
20240130;100526;2869.500000000;5;9478465868;S
20240130;100526;2869.000000000;1;9478465869;S
20240130;100526;2868.500000000;7;9478465870;S
20240130;100526;2868.500000000;1;9478465871;S
20240130;100526;2868.500000000;7;9478465872;S
20240130;100526;2868.500000000;10;9478465873;S
20240130;100528;2868.500000000;1;9478466153;S
20240130;100529;2870.000000000;35;9478466280;B
20240130;100531;2870.000000000;1;9478466692;S
20240130;100532;2870.000000000;64;9478466741;S
20240130;100532;2869.000000000;36;9478466742;S
20240130;100536;2870.000000000;1;9478467498;S
20240130;100536;2868.500000000;1;9478467501;S
20240130;100536;2870.000000000;1;9478467635;B
20240130;100536;2870.500000000;9;9478467636;B
20240130;100546;2868.500000000;18;9478469726;S
20240130;100551;2869.500000000;12;9478470591;B
20240130;100551;2870.000000000;3;9478470592;B
20240130;100556;2870.000000000;22;9478471557;B
20240130;100556;2870.000000000;1;9478471558;B
20240130;100556;2870.500000000;2;9478471559;B
20240130;100558;2870.000000000;1;9478471830;B
20240130;100558;2870.500000000;8;9478471831;B
20240130;100558;2870.500000000;8;9478471832;B
20240130;100558;2870.500000000;3;9478471833;B
20240130;100559;2868.500000000;1;9478472067;S
20240130;100559;2868.500000000;1;9478472068;S
20240130;100559;2868.500000000;10;9478472069;S
20240130;100559;2868.500000000;46;9478472070;S
20240130;100600;2870.000000000;10;9478472409;B
20240130;100600;2870.500000000;3;9478472410;B
20240130;100600;2870.500000000;1;9478472411;B
20240130;100600;2870.500000000;10;9478472412;B
20240130;100600;2871.000000000;36;9478472413;B
20240130;100603;2868.500000000;1;9478472880;S
20240130;100605;2870.500000000;3;9478473266;S
20240130;100607;2870.500000000;1;9478473875;S
20240130;100611;2870.500000000;1;9478474543;B
20240130;100611;2870.500000000;1;9478474544;B
20240130;100613;2870.500000000;6;9478474938;S
20240130;100613;2871.000000000;10;9478474984;B
20240130;100615;2870.500000000;111;9478475385;S
20240130;100615;2870.500000000;6;9478475386;S
20240130;100615;2870.000000000;30;9478475387;S
20240130;100620;2869.000000000;1;9478476343;S
20240130;100625;2870.000000000;100;9478477206;B
20240130;100625;2870.000000000;5;9478477240;B
20240130;100628;2869.000000000;34;9478477741;S
20240130;100628;2869.000000000;6;9478477742;S
20240130;100628;2869.000000000;1;9478477743;S
20240130;100628;2868.500000000;1;9478477744;S
20240130;100628;2868.500000000;33;9478477745;S
20240130;100628;2869.000000000;1;9478477753;S
20240130;100635;2869.500000000;1;9478478733;B
20240130;100636;2869.000000000;35;9478479021;S
20240130;100636;2869.000000000;6;9478479022;S
20240130;100636;2869.000000000;9;9478479023;S
20240130;100636;2869.000000000;1;9478479062;S
20240130;100636;2869.000000000;2;9478479063;S
20240130;100638;2869.000000000;22;9478479330;S
20240130;100640;2869.000000000;25;9478479720;S
20240130;100643;2869.000000000;1;9478480174;S
20240130;100643;2869.500000000;1;9478480233;B
20240130;100646;2869.000000000;4;9478480852;S
20240130;100646;2869.000000000;1;9478480853;S
20240130;100646;2869.000000000;20;9478480854;S
20240130;100646;2869.000000000;6;9478480855;S
20240130;100651;2868.500000000;2;9478482063;S
20240130;100653;2869.500000000;5;9478482346;S
20240130;100656;2870.000000000;1;9478482858;B
20240130;100658;2870.000000000;1;9478483110;B
20240130;100701;2869.500000000;1;9478483573;S
20240130;100701;2869.500000000;3;9478483575;S
20240130;100702;2870.000000000;46;9478483687;B
20240130;100702;2870.000000000;1;9478483688;B
20240130;100702;2870.000000000;25;9478483689;B
20240130;100702;2870.000000000;6;9478483690;B
20240130;100702;2870.000000000;10;9478483691;B
20240130;100702;2870.500000000;3;9478483692;B
20240130;100702;2870.500000000;2;9478483693;B
20240130;100702;2870.500000000;35;9478483694;B
20240130;100702;2871.000000000;54;9478483695;B
20240130;100702;2871.000000000;100;9478483696;B
20240130;100702;2871.000000000;22;9478483697;B
20240130;100702;2871.000000000;10;9478483698;B
20240130;100702;2871.000000000;86;9478483699;B
20240130;100703;2869.500000000;1;9478483842;S
20240130;100714;2871.000000000;1;9478485702;B
20240130;100714;2870.500000000;23;9478485734;S
20240130;100715;2871.000000000;9;9478485990;B
20240130;100715;2870.500000000;2;9478485993;S
20240130;100716;2870.500000000;2;9478486116;S
20240130;100717;2871.000000000;2;9478486211;B
20240130;100717;2870.500000000;8;9478486306;S
20240130;100717;2870.500000000;3;9478486307;S
20240130;100728;2870.000000000;10;9478488160;S
20240130;100728;2870.000000000;10;9478488229;S
20240130;100729;2870.000000000;10;9478488293;S
20240130;100729;2870.000000000;10;9478488377;S
20240130;100730;2870.500000000;1;9478488694;B
20240130;100732;2870.000000000;1;9478488883;S
20240130;100732;2870.000000000;35;9478488888;S
20240130;100732;2870.000000000;10;9478488925;S
20240130;100734;2870.000000000;10;9478489134;S
20240130;100734;2870.500000000;10;9478489140;B
20240130;100734;2870.500000000;1;9478489141;B
20240130;100740;2870.000000000;35;9478489963;S
20240130;100744;2870.500000000;2;9478490513;B
20240130;100745;2870.500000000;6;9478490608;B
20240130;100745;2870.500000000;10;9478490609;B
20240130;100751;2870.500000000;8;9478491530;S
20240130;100751;2870.500000000;1;9478491558;S
20240130;100752;2870.500000000;25;9478491702;S
20240130;100752;2870.500000000;6;9478491703;S
20240130;100752;2870.500000000;15;9478491704;S
20240130;100753;2870.500000000;13;9478491938;B
20240130;100758;2870.500000000;10;9478492827;B
20240130;100758;2870.500000000;1;9478492974;B
20240130;100759;2870.500000000;250;9478493163;B
20240130;100801;2870.000000000;1;9478493575;S
20240130;100802;2870.500000000;10;9478493661;B
20240130;100803;2870.000000000;29;9478493851;S
20240130;100804;2870.000000000;1;9478493970;S
20240130;100808;2870.500000000;1;9478494539;B
20240130;100811;2870.000000000;10;9478494926;S
20240130;100812;2870.500000000;5;9478495283;B
20240130;100813;2870.500000000;1;9478495361;B
20240130;100813;2870.500000000;2;9478495378;B
20240130;100814;2870.500000000;1;9478495554;B
20240130;100814;2870.000000000;20;9478495639;S
20240130;100814;2870.000000000;1;9478495640;S
20240130;100814;2870.000000000;2;9478495641;S
20240130;100814;2870.000000000;2;9478495642;S
20240130;100818;2870.500000000;20;9478496150;B
20240130;100818;2870.500000000;3;9478496151;B
20240130;100818;2871.000000000;27;9478496152;B
20240130;100818;2870.500000000;1;9478496199;S
20240130;100822;2871.000000000;1;9478496788;B
20240130;100822;2870.500000000;2;9478496808;S
20240130;100822;2870.500000000;1;9478496809;S
20240130;100823;2870.000000000;10;9478497039;S
20240130;100823;2870.000000000;10;9478497137;S
20240130;100827;2870.000000000;10;9478497659;S
20240130;100828;2870.500000000;1;9478497886;S
20240130;100829;2871.000000000;5;9478498043;B
20240130;100832;2871.000000000;2;9478498560;B
20240130;100833;2870.500000000;1;9478498768;S
20240130;100835;2870.500000000;8;9478498967;S
20240130;100835;2870.500000000;1;9478498968;S
20240130;100844;2870.000000000;2;9478500420;S
20240130;100845;2870.500000000;1;9478500603;B
20240130;100847;2870.500000000;35;9478500877;B
20240130;100848;2870.000000000;6;9478501209;S
20240130;100848;2870.000000000;2;9478501210;S
20240130;100848;2870.000000000;50;9478501211;S
20240130;100848;2870.000000000;34;9478501212;S
20240130;100848;2870.000000000;108;9478501213;S
20240130;100849;2870.500000000;64;9478501454;B
20240130;100849;2871.000000000;3;9478501455;B
20240130;100849;2871.000000000;7;9478501456;B
20240130;100849;2871.000000000;10;9478501457;B
20240130;100850;2871.500000000;1;9478501687;B
20240130;100852;2871.500000000;4;9478501989;B
20240130;100852;2871.500000000;1;9478501990;B
20240130;100852;2871.500000000;5;9478501991;B
20240130;100852;2871.500000000;6;9478501992;B
20240130;100852;2872.000000000;5;9478501993;B
20240130;100852;2872.000000000;1;9478501994;B
20240130;100852;2872.000000000;7;9478501995;B
20240130;100854;2872.500000000;1;9478502262;B
20240130;100856;2872.500000000;3;9478502489;B
20240130;100856;2872.500000000;2;9478502580;B
20240130;100858;2872.500000000;4;9478502815;B
20240130;100858;2872.500000000;10;9478502816;B
20240130;100858;2873.000000000;10;9478502817;B
20240130;100858;2873.000000000;30;9478502818;B
20240130;100858;2873.000000000;66;9478502819;B
20240130;100900;2873.000000000;1;9478503041;B
20240130;100900;2873.500000000;7;9478503324;B
20240130;100900;2873.500000000;3;9478503325;B
20240130;100900;2873.500000000;27;9478503326;B
20240130;100900;2874.000000000;5;9478503327;B
20240130;100900;2874.000000000;7;9478503328;B
20240130;100900;2874.000000000;87;9478503329;B
20240130;100900;2874.000000000;6;9478503335;S
20240130;100902;2874.500000000;1;9478503754;B
20240130;100903;2874.000000000;1;9478503966;S
20240130;100904;2874.000000000;1;9478504083;S
20240130;100906;2874.500000000;9;9478504305;B
20240130;100906;2874.500000000;5;9478504306;B
20240130;100906;2874.500000000;1;9478504307;B
20240130;100906;2874.500000000;4;9478504308;B
20240130;100906;2874.500000000;10;9478504348;B
20240130;100906;2874.000000000;34;9478504398;S
20240130;100906;2874.500000000;2;9478504440;B
20240130;100907;2874.500000000;1;9478504584;B
20240130;100907;2874.000000000;2;9478504593;S
20240130;100911;2874.500000000;1;9478505085;B
20240130;100911;2874.500000000;2;9478505087;B
20240130;100912;2874.500000000;7;9478505314;B
20240130;100912;2874.500000000;8;9478505315;B
20240130;100913;2874.500000000;50;9478505463;B
20240130;100915;2874.500000000;1;9478505919;B
20240130;100915;2874.000000000;6;9478505952;S
20240130;100917;2874.500000000;7;9478506288;B
20240130;100918;2874.500000000;2;9478506362;B
20240130;100918;2874.000000000;4;9478506456;S
20240130;100920;2874.500000000;10;9478506609;B
20240130;100923;2874.500000000;32;9478507180;B
20240130;100932;2874.500000000;1;9478508637;B
20240130;100932;2874.500000000;33;9478508641;B
20240130;100934;2874.500000000;5;9478508966;B
20240130;100937;2874.000000000;16;9478509488;S
20240130;100937;2874.000000000;2;9478509489;S
20240130;100937;2874.000000000;10;9478509490;S
20240130;100938;2874.000000000;1;9478509833;B
20240130;100950;2873.000000000;1;9478511697;S
20240130;100950;2873.000000000;1;9478511698;S
20240130;100958;2873.000000000;1;9478513074;S
20240130;100959;2873.000000000;9;9478513289;S
20240130;100959;2872.500000000;91;9478513290;S
20240130;101003;2873.500000000;1;9478513922;B
20240130;101003;2873.500000000;7;9478513923;B
20240130;101003;2874.000000000;42;9478513924;B
20240130;101005;2872.500000000;9;9478514265;S
20240130;101014;2871.500000000;1;9478515751;S
20240130;101017;2871.500000000;1;9478516455;S
20240130;101019;2871.500000000;15;9478516831;S
20240130;101019;2871.500000000;1;9478516881;S
20240130;101020;2872.500000000;1;9478516935;B
20240130;101024;2872.500000000;1;9478517527;B
20240130;101025;2872.500000000;39;9478517668;B
20240130;101025;2871.500000000;6;9478517673;S
20240130;101037;2871.500000000;50;9478519377;S
20240130;101038;2872.000000000;1;9478519585;B
20240130;101038;2872.500000000;1;9478519586;B
20240130;101046;2872.000000000;3;9478520878;S
20240130;101046;2871.500000000;28;9478520879;S
20240130;101046;2871.500000000;1;9478520880;S
20240130;101046;2871.500000000;2;9478520881;S
20240130;101046;2871.500000000;20;9478520882;S
20240130;101046;2871.000000000;146;9478520883;S
20240130;101105;2871.000000000;100;9478523770;S
20240130;101108;2871.000000000;5;9478524199;S
20240130;101112;2872.500000000;1;9478524833;B
20240130;101112;2873.000000000;2;9478524834;B
20240130;101114;2871.500000000;1;9478525015;S
20240130;101117;2871.500000000;9;9478525551;S
20240130;101122;2871.000000000;2;9478526478;S
20240130;101126;2871.000000000;70;9478527081;S
20240130;101132;2871.500000000;1;9478528166;B
20240130;101132;2872.000000000;1;9478528167;B
20240130;101138;2872.500000000;1;9478528954;B
20240130;101156;2871.500000000;1;9478531395;S
20240130;101159;2872.000000000;10;9478532063;B
20240130;101159;2871.500000000;6;9478532064;S
20240130;101200;2872.000000000;1;9478532125;B
20240130;101202;2871.500000000;2;9478532489;S
20240130;101203;2872.000000000;4;9478532616;B
20240130;101206;2872.000000000;22;9478533117;B
20240130;101206;2872.500000000;1;9478533118;B
20240130;101206;2872.500000000;5;9478533119;B
20240130;101211;2873.000000000;1;9478534014;B
20240130;101211;2872.500000000;5;9478534051;S
20240130;101211;2872.000000000;5;9478534052;S
20240130;101220;2873.000000000;2;9478535326;B
20240130;101221;2873.000000000;1;9478535519;B
20240130;101224;2873.000000000;1;9478535953;B
20240130;101224;2872.500000000;1;9478535971;S
20240130;101224;2873.000000000;1;9478536011;B
20240130;101227;2872.500000000;1;9478536397;S
20240130;101241;2872.000000000;4;9478538284;S
20240130;101241;2872.000000000;8;9478538285;S
20240130;101241;2872.000000000;28;9478538286;S
20240130;101248;2872.500000000;1;9478539165;B
20240130;101256;2872.500000000;59;9478540289;B
20240130;101256;2873.000000000;92;9478540290;B
20240130;101256;2873.000000000;4;9478540291;B
20240130;101256;2873.000000000;4;9478540292;B
20240130;101256;2873.000000000;8;9478540293;B
20240130;101256;2873.500000000;2;9478540354;B
20240130;101259;2873.000000000;33;9478540818;S
20240130;101259;2873.000000000;8;9478540819;S
20240130;101302;2872.000000000;13;9478541223;S
20240130;101309;2872.500000000;1;9478542462;B
20240130;101310;2872.000000000;50;9478542717;S
20240130;101312;2872.000000000;9;9478543142;S
20240130;101312;2872.000000000;16;9478543143;S
20240130;101315;2872.500000000;34;9478543615;B
20240130;101315;2872.500000000;1;9478543616;B
20240130;101317;2872.500000000;1;9478543938;B
20240130;101318;2872.000000000;1;9478544132;S
20240130;101318;2872.000000000;1;9478544133;S
20240130;101322;2872.000000000;14;9478544822;S
20240130;101322;2872.000000000;1;9478544823;S
20240130;101322;2872.000000000;8;9478544824;S
20240130;101322;2872.000000000;30;9478544825;S
20240130;101326;2871.000000000;3;9478545506;S
20240130;101326;2871.500000000;1;9478545600;B
20240130;101327;2871.500000000;2;9478545660;B
20240130;101328;2871.000000000;200;9478545876;S
20240130;101331;2871.500000000;2;9478546291;B
20240130;101336;2871.500000000;1;9478547056;B
20240130;101338;2871.000000000;1;9478547327;S
20240130;101339;2871.500000000;7;9478547462;B
20240130;101341;2871.500000000;7;9478547803;B
20240130;101341;2871.500000000;8;9478547823;B
20240130;101341;2871.500000000;27;9478547824;B
20240130;101342;2871.000000000;1;9478547900;S
20240130;101343;2871.000000000;101;9478548152;S
20240130;101344;2871.500000000;2;9478548260;B
20240130;101347;2871.000000000;77;9478548849;S
20240130;101349;2871.500000000;1;9478549034;B
20240130;101349;2871.000000000;185;9478549056;S
20240130;101350;2871.000000000;1;9478549168;S
20240130;101351;2871.500000000;20;9478549357;B
20240130;101352;2871.500000000;8;9478549485;B
20240130;101352;2871.500000000;12;9478549486;B
20240130;101352;2871.000000000;24;9478549495;S
20240130;101352;2871.000000000;1;9478549496;S
20240130;101352;2871.000000000;3;9478549497;S
20240130;101352;2871.000000000;5;9478549498;S
20240130;101352;2871.000000000;1;9478549499;S
20240130;101352;2871.000000000;4;9478549500;S
20240130;101352;2870.500000000;20;9478549501;S
20240130;101352;2870.500000000;1;9478549502;S
20240130;101352;2870.500000000;87;9478549503;S
20240130;101352;2870.000000000;10;9478549526;S
20240130;101352;2871.000000000;1;9478549527;B
20240130;101353;2870.000000000;10;9478549622;S
20240130;101355;2870.000000000;20;9478549839;S
20240130;101359;2870.000000000;2;9478550377;S
20240130;101359;2870.000000000;4;9478550378;S
20240130;101400;2870.000000000;15;9478550458;S
20240130;101400;2870.000000000;44;9478550572;S
20240130;101401;2870.000000000;37;9478550600;S
20240130;101401;2870.000000000;4;9478550601;S
20240130;101401;2870.000000000;133;9478550602;S
20240130;101402;2870.500000000;1;9478550784;B
20240130;101403;2870.000000000;1;9478550942;S
20240130;101403;2870.000000000;66;9478550945;S
20240130;101403;2870.000000000;10;9478550946;S
20240130;101403;2870.000000000;8;9478550947;S
20240130;101403;2870.000000000;1;9478550948;S
20240130;101403;2870.000000000;1;9478550949;S
20240130;101403;2870.000000000;5;9478550950;S
20240130;101403;2870.000000000;10;9478550951;S
20240130;101403;2870.000000000;1;9478550952;S
20240130;101403;2870.000000000;2;9478550953;S
20240130;101403;2870.000000000;82;9478550954;S
20240130;101406;2870.000000000;5;9478551378;S
20240130;101408;2870.500000000;1;9478551515;B
20240130;101408;2870.500000000;2;9478551532;S
20240130;101409;2871.000000000;1;9478551745;B
20240130;101412;2870.500000000;13;9478552027;S
20240130;101412;2870.500000000;87;9478552028;S
20240130;101412;2870.000000000;900;9478552029;S
20240130;101413;2870.500000000;9;9478552157;B
20240130;101413;2870.500000000;31;9478552158;B
20240130;101416;2870.000000000;1;9478552588;S
20240130;101416;2870.000000000;12;9478552610;S
20240130;101416;2870.000000000;1;9478552611;S
20240130;101416;2870.000000000;10;9478552612;S
20240130;101419;2870.000000000;145;9478552868;B
20240130;101420;2870.000000000;1;9478553012;B
20240130;101423;2870.000000000;54;9478553388;B
20240130;101424;2869.500000000;1;9478553449;S
20240130;101425;2869.500000000;1;9478553594;S
20240130;101425;2869.500000000;1;9478553595;S
20240130;101426;2869.000000000;5;9478553877;S
20240130;101426;2869.000000000;2;9478553878;S
20240130;101426;2869.000000000;1;9478553879;S
20240130;101426;2869.000000000;21;9478553941;S
20240130;101426;2869.000000000;1;9478553942;S
20240130;101426;2868.500000000;1;9478553943;S
20240130;101426;2868.500000000;1;9478553944;S
20240130;101426;2868.500000000;9;9478553945;S
20240130;101426;2868.500000000;17;9478553946;S
20240130;101427;2869.000000000;5;9478554033;B
20240130;101431;2868.000000000;2;9478554551;S
20240130;101431;2868.000000000;2;9478554552;S
20240130;101431;2868.000000000;20;9478554553;S
20240130;101431;2868.000000000;2;9478554554;S
20240130;101431;2868.000000000;1;9478554555;S
20240130;101431;2868.000000000;23;9478554556;S
20240130;101433;2868.000000000;4;9478554826;S
20240130;101435;2868.000000000;1;9478555132;S
20240130;101437;2868.000000000;26;9478555348;S
20240130;101437;2868.000000000;2;9478555349;S
20240130;101437;2867.500000000;1;9478555406;S
20240130;101437;2867.500000000;3;9478555407;S
20240130;101440;2867.500000000;2;9478555653;S
20240130;101440;2867.500000000;3;9478555654;S
20240130;101440;2867.500000000;1;9478555655;S
20240130;101440;2867.500000000;1;9478555656;S
20240130;101440;2867.500000000;3;9478555657;S
20240130;101440;2867.000000000;490;9478555658;S
20240130;101441;2867.500000000;15;9478555756;B
20240130;101445;2867.500000000;2;9478556230;B
20240130;101445;2867.000000000;15;9478556288;S
20240130;101449;2867.500000000;1;9478556843;B
20240130;101449;2867.000000000;1;9478556862;S
20240130;101451;2867.000000000;3;9478557172;S
20240130;101451;2867.000000000;1;9478557177;S
20240130;101452;2867.000000000;100;9478557188;S
20240130;101452;2867.500000000;10;9478557278;B
20240130;101452;2867.500000000;36;9478557279;B
20240130;101452;2867.500000000;4;9478557280;B
20240130;101455;2867.000000000;1;9478557501;S
20240130;101455;2867.500000000;1;9478557570;B
20240130;101456;2867.000000000;5;9478557590;S
20240130;101457;2867.000000000;1;9478557743;S
20240130;101458;2867.000000000;1;9478557937;S
20240130;101500;2867.000000000;1;9478558161;S
20240130;101501;2867.000000000;187;9478558173;S
20240130;101502;2867.000000000;194;9478558297;S
20240130;101502;2867.000000000;5;9478558298;S
20240130;101502;2867.000000000;1;9478558299;S
20240130;101502;2867.000000000;1;9478558300;S
20240130;101502;2867.000000000;4;9478558301;S
20240130;101502;2866.500000000;8;9478558302;S
20240130;101502;2866.500000000;1;9478558303;S
20240130;101502;2866.500000000;1;9478558304;S
20240130;101502;2866.500000000;1;9478558305;S
20240130;101502;2866.500000000;27;9478558306;S
20240130;101502;2866.500000000;10;9478558307;S
20240130;101502;2866.500000000;87;9478558308;S
20240130;101502;2866.500000000;1;9478558309;S
20240130;101502;2866.000000000;1;9478558310;S
20240130;101502;2866.000000000;10;9478558311;S
20240130;101502;2866.000000000;120;9478558312;S
20240130;101502;2866.000000000;1;9478558313;S
20240130;101502;2866.000000000;500;9478558314;S
20240130;101502;2866.000000000;12;9478558315;S
20240130;101502;2866.000000000;4;9478558316;S
20240130;101502;2866.000000000;6;9478558317;S
20240130;101502;2865.500000000;95;9478558318;S
20240130;101502;2865.500000000;1;9478558319;S
20240130;101502;2865.000000000;10;9478558320;S
20240130;101502;2865.000000000;1;9478558321;S
20240130;101502;2865.000000000;10;9478558322;S
20240130;101502;2865.000000000;50;9478558323;S
20240130;101502;2865.000000000;5;9478558324;S
20240130;101502;2865.000000000;5;9478558325;S
20240130;101502;2865.000000000;25;9478558326;S
20240130;101502;2865.000000000;1;9478558327;S
20240130;101502;2865.000000000;10;9478558328;S
20240130;101502;2865.000000000;2;9478558329;S
20240130;101502;2865.000000000;10;9478558330;S
20240130;101502;2865.000000000;1;9478558331;S
20240130;101502;2865.000000000;1;9478558332;S
20240130;101502;2864.000000000;10;9478558333;S
20240130;101502;2864.000000000;25;9478558334;S
20240130;101502;2864.000000000;1;9478558335;S
20240130;101502;2864.000000000;1;9478558336;S
20240130;101502;2864.000000000;2;9478558337;S
20240130;101502;2864.000000000;1;9478558338;S
20240130;101502;2863.500000000;10;9478558339;S
20240130;101502;2863.000000000;1;9478558340;S
20240130;101502;2863.000000000;100;9478558341;S
20240130;101502;2863.000000000;9;9478558342;S
20240130;101502;2863.000000000;63;9478558343;S
20240130;101502;2863.000000000;1;9478558344;S
20240130;101502;2863.000000000;27;9478558345;S
20240130;101502;2863.000000000;110;9478558346;S
20240130;101502;2862.500000000;30;9478558347;S
20240130;101502;2862.500000000;35;9478558348;S
20240130;101502;2862.000000000;1;9478558349;S
20240130;101502;2862.000000000;100;9478558350;S
20240130;101502;2862.000000000;50;9478558351;S
20240130;101502;2862.000000000;2;9478558352;S
20240130;101502;2861.500000000;20;9478558353;S
20240130;101502;2861.500000000;5;9478558354;S
20240130;101502;2861.500000000;50;9478558355;S
20240130;101502;2861.500000000;1;9478558356;S
20240130;101502;2861.500000000;1;9478558357;S
20240130;101502;2861.500000000;27;9478558358;S
20240130;101502;2861.500000000;5;9478558359;S
20240130;101502;2861.000000000;1;9478558360;S
20240130;101502;2861.000000000;1;9478558361;S
20240130;101502;2861.000000000;1;9478558362;S
20240130;101502;2861.000000000;50;9478558363;S
20240130;101502;2861.000000000;1;9478558364;S
20240130;101502;2861.000000000;1;9478558365;S
20240130;101502;2861.000000000;8;9478558366;S
20240130;101502;2860.500000000;4;9478558367;S
20240130;101502;2860.500000000;50;9478558368;S
20240130;101502;2860.500000000;1;9478558369;S
20240130;101502;2860.500000000;5;9478558370;S
20240130;101502;2860.500000000;15;9478558371;S
20240130;101502;2860.500000000;53;9478558372;S
20240130;101502;2863.000000000;1;9478558398;S
20240130;101502;2863.000000000;1;9478558405;S
20240130;101502;2865.500000000;10;9478558421;B
20240130;101502;2865.500000000;10;9478558422;B
20240130;101502;2866.000000000;27;9478558423;B
20240130;101502;2866.000000000;3;9478558424;B
20240130;101502;2863.000000000;54;9478558477;S
20240130;101502;2865.000000000;8;9478558530;S
20240130;101502;2864.000000000;1;9478558542;S
20240130;101502;2864.000000000;26;9478558558;S
20240130;101503;2864.500000000;5;9478558595;B
20240130;101503;2864.000000000;60;9478558653;S
20240130;101503;2864.000000000;6;9478558654;S
20240130;101503;2863.500000000;10;9478558655;S
20240130;101503;2862.000000000;27;9478558656;S
20240130;101503;2861.000000000;61;9478558657;S
20240130;101503;2860.500000000;35;9478558658;S
20240130;101505;2861.500000000;1;9478558939;B
20240130;101506;2861.000000000;27;9478559134;S
20240130;101506;2861.000000000;7;9478559135;S
20240130;101508;2862.000000000;1;9478559584;S
20240130;101508;2862.000000000;86;9478559605;S
20240130;101508;2862.000000000;10;9478559606;S
20240130;101508;2861.500000000;4;9478559607;S
20240130;101516;2863.000000000;5;9478561324;S
20240130;101519;2863.000000000;19;9478561906;S
20240130;101521;2863.000000000;22;9478562363;S
20240130;101524;2864.000000000;30;9478562902;B
20240130;101525;2863.500000000;10;9478563072;B
20240130;101525;2863.500000000;5;9478563073;S
20240130;101526;2863.000000000;1;9478563253;S
20240130;101528;2864.000000000;10;9478563660;B
20240130;101528;2864.000000000;1;9478563661;B
20240130;101531;2863.500000000;5;9478564228;S
20240130;101531;2864.000000000;4;9478564252;B
20240130;101532;2863.500000000;1;9478564440;S
20240130;101532;2864.000000000;5;9478564443;B
20240130;101532;2864.000000000;10;9478564444;B
20240130;101532;2864.500000000;10;9478564445;B
20240130;101533;2865.000000000;1;9478564586;B
20240130;101533;2864.500000000;35;9478564661;S
20240130;101533;2864.500000000;43;9478564662;S
20240130;101533;2864.000000000;62;9478564663;S
20240130;101534;2864.500000000;9;9478564921;S
20240130;101534;2864.500000000;14;9478564922;S
20240130;101535;2864.500000000;91;9478565119;S
20240130;101535;2864.500000000;22;9478565120;S
20240130;101535;2864.500000000;25;9478565121;S
20240130;101535;2864.000000000;25;9478565122;S
20240130;101535;2864.000000000;8;9478565123;S
20240130;101536;2864.500000000;1;9478565227;S
20240130;101538;2864.500000000;8;9478565512;S
20240130;101538;2865.000000000;1;9478565607;B
20240130;101539;2865.000000000;10;9478565793;B
20240130;101539;2865.000000000;5;9478565944;B
20240130;101540;2864.500000000;9;9478566100;S
20240130;101540;2864.500000000;1;9478566101;S
20240130;101540;2864.000000000;27;9478566102;S
20240130;101540;2864.000000000;15;9478566103;S
20240130;101544;2864.000000000;48;9478566922;S
20240130;101544;2863.500000000;6;9478566923;S
20240130;101544;2863.000000000;1;9478566924;S
20240130;101545;2863.500000000;3;9478567008;S
20240130;101545;2863.000000000;29;9478567009;S
20240130;101545;2863.000000000;100;9478567010;S
20240130;101545;2863.000000000;176;9478567011;S
20240130;101545;2863.000000000;27;9478567012;S
20240130;101547;2862.000000000;1;9478567525;S
20240130;101547;2862.000000000;12;9478567526;S
20240130;101547;2862.000000000;2;9478567527;S
20240130;101548;2862.000000000;85;9478567873;S
20240130;101548;2861.500000000;1;9478567874;S
20240130;101548;2861.500000000;1;9478567875;S
20240130;101548;2860.500000000;11;9478567876;S
20240130;101549;2860.500000000;1;9478567915;S
20240130;101549;2862.500000000;5;9478568017;B
20240130;101549;2862.500000000;1;9478568018;B
20240130;101549;2861.000000000;1;9478568072;S
20240130;101550;2861.000000000;1;9478568124;S
20240130;101557;2861.000000000;5;9478569457;S
20240130;101557;2861.000000000;6;9478569549;S
20240130;101557;2861.000000000;5;9478569602;S
20240130;101557;2861.000000000;2;9478569753;S
20240130;101557;2861.000000000;44;9478569915;S
20240130;101600;2860.500000000;83;9478570435;S
20240130;101600;2860.500000000;5;9478570436;S
20240130;101600;2860.500000000;2;9478570437;S
20240130;101600;2860.500000000;27;9478570438;S
20240130;101600;2860.000000000;3;9478570439;S
20240130;101600;2860.000000000;1;9478570440;S
20240130;101600;2860.000000000;3;9478570441;S
20240130;101600;2860.500000000;26;9478570502;S
20240130;101601;2860.500000000;100;9478570656;S
20240130;101601;2860.000000000;35;9478570750;S
20240130;101601;2860.000000000;1;9478570772;S
20240130;101602;2860.500000000;1;9478570796;B
20240130;101602;2861.000000000;10;9478570840;B
20240130;101602;2861.000000000;7;9478570841;S
20240130;101602;2860.500000000;3;9478570842;S
20240130;101602;2860.000000000;1;9478570872;S
20240130;101605;2860.000000000;1;9478571373;S
20240130;101605;2860.000000000;9;9478571413;S
20240130;101605;2860.000000000;1;9478571414;S
20240130;101605;2860.000000000;5;9478571415;S
20240130;101605;2860.000000000;105;9478571416;S
20240130;101607;2860.500000000;1;9478571822;B
20240130;101608;2860.000000000;40;9478571967;S
20240130;101608;2860.000000000;20;9478571969;S
20240130;101608;2860.000000000;14;9478572003;S
20240130;101609;2860.500000000;1;9478572133;B
20240130;101610;2860.000000000;5;9478572422;S
20240130;101614;2860.000000000;100;9478572937;S
20240130;101615;2860.000000000;1;9478573160;S
20240130;101615;2861.000000000;10;9478573196;B
20240130;101621;2860.500000000;2;9478574982;B
20240130;101622;2860.000000000;2;9478575144;S
20240130;101622;2860.000000000;1;9478575173;S
20240130;101622;2860.500000000;3;9478575190;B
20240130;101622;2860.500000000;4;9478575198;B
20240130;101622;2861.000000000;2;9478575199;B
20240130;101622;2860.500000000;1;9478575221;S
20240130;101622;2860.500000000;2;9478575222;S
20240130;101623;2861.500000000;10;9478575299;B
20240130;101624;2860.500000000;2;9478575580;S
20240130;101624;2860.000000000;3;9478575581;S
20240130;101628;2862.500000000;10;9478576162;B
20240130;101628;2862.500000000;10;9478576163;B
20240130;101632;2860.500000000;3;9478577016;B
20240130;101632;2860.500000000;10;9478577045;B
20240130;101635;2861.000000000;1;9478577550;B
20240130;101636;2860.000000000;209;9478577635;S
20240130;101636;2860.000000000;50;9478577636;S
20240130;101636;2860.000000000;2;9478577637;S
20240130;101636;2860.000000000;1;9478577638;S
20240130;101636;2860.000000000;1;9478577639;S
20240130;101636;2860.000000000;15;9478577640;S
20240130;101636;2860.000000000;45;9478577641;S
20240130;101636;2860.000000000;10;9478577642;S
20240130;101636;2860.000000000;77;9478577643;S
20240130;101636;2860.000000000;5;9478577644;S
20240130;101636;2860.000000000;1;9478577645;S
20240130;101636;2860.000000000;5;9478577646;S
20240130;101636;2860.000000000;2;9478577647;S
20240130;101636;2860.000000000;9;9478577648;S
20240130;101636;2860.000000000;1;9478577694;S
20240130;101638;2860.000000000;20;9478577870;S
20240130;101638;2860.000000000;12;9478577871;S
20240130;101638;2860.000000000;10;9478577872;S
20240130;101638;2860.000000000;100;9478577873;S
20240130;101638;2860.000000000;2;9478577874;S
20240130;101638;2860.000000000;87;9478577875;S
20240130;101638;2860.000000000;1;9478577876;S
20240130;101638;2860.000000000;1;9478577877;S
20240130;101638;2860.000000000;17;9478577878;S
20240130;101638;2860.500000000;1;9478577932;B
20240130;101638;2860.000000000;20;9478577988;S
20240130;101639;2860.000000000;3;9478578021;S
20240130;101639;2860.000000000;1;9478578022;S
20240130;101639;2860.000000000;2;9478578023;S
20240130;101639;2860.000000000;10;9478578024;S
20240130;101639;2860.000000000;10;9478578025;S
20240130;101639;2859.500000000;1;9478578026;S
20240130;101639;2859.500000000;1;9478578027;S
20240130;101639;2859.500000000;22;9478578028;S
20240130;101641;2860.000000000;35;9478578526;B
20240130;101641;2860.000000000;10;9478578527;B
20240130;101642;2860.000000000;5;9478578584;S
20240130;101642;2859.000000000;5;9478578586;S
20240130;101642;2859.000000000;5;9478578631;S
20240130;101642;2858.500000000;1;9478578632;S
20240130;101645;2860.000000000;10;9478579569;B
20240130;101650;2859.000000000;1;9478580483;S
20240130;101652;2859.000000000;5;9478581002;S
20240130;101655;2859.000000000;3;9478581474;S
20240130;101658;2859.500000000;5;9478581989;S
20240130;101658;2859.000000000;12;9478581990;S
20240130;101659;2860.000000000;10;9478582134;B
20240130;101659;2859.000000000;4;9478582208;S
20240130;101701;2859.000000000;2;9478582587;S
20240130;101701;2859.000000000;1;9478582588;S
20240130;101704;2859.500000000;1;9478582975;S
20240130;101704;2859.500000000;10;9478583016;S
20240130;101704;2859.500000000;1;9478583017;S
20240130;101704;2859.000000000;22;9478583018;S
20240130;101704;2859.000000000;2;9478583019;S
20240130;101705;2860.000000000;7;9478583160;B
20240130;101706;2859.500000000;2;9478583480;S
20240130;101706;2859.500000000;1;9478583481;S
20240130;101706;2859.500000000;10;9478583482;S
20240130;101706;2859.000000000;85;9478583483;S
20240130;101709;2859.000000000;1;9478583816;B
20240130;101710;2859.000000000;51;9478584022;B
20240130;101710;2860.000000000;1;9478584028;B
20240130;101713;2859.500000000;1;9478584499;B
20240130;101714;2859.500000000;12;9478584580;B
20240130;101714;2859.000000000;7;9478584598;S
20240130;101714;2859.500000000;18;9478584613;B
20240130;101714;2860.000000000;12;9478584614;B
20240130;101717;2860.000000000;1;9478585076;B
20240130;101717;2860.000000000;50;9478585125;B
20240130;101719;2859.500000000;4;9478585339;S
20240130;101720;2860.000000000;5;9478585643;B
20240130;101721;2859.500000000;1;9478585679;S
20240130;101722;2860.000000000;1;9478585808;B
20240130;101723;2859.500000000;2;9478585942;S
20240130;101723;2859.500000000;2;9478585943;S
20240130;101723;2860.000000000;1;9478586024;B
20240130;101725;2859.500000000;1;9478586355;S
20240130;101725;2859.500000000;5;9478586421;S
20240130;101725;2859.500000000;1;9478586422;S
20240130;101725;2859.500000000;4;9478586423;S
20240130;101727;2860.000000000;2;9478586675;B
20240130;101727;2860.000000000;34;9478586676;B
20240130;101727;2859.500000000;3;9478586679;S
20240130;101727;2859.000000000;1;9478586680;S
20240130;101728;2860.000000000;26;9478586786;B
20240130;101728;2860.000000000;1;9478586787;B
20240130;101728;2860.000000000;20;9478586788;B
20240130;101728;2860.000000000;10;9478586789;B
20240130;101728;2860.000000000;21;9478586790;B
20240130;101728;2859.500000000;10;9478586836;S
20240130;101728;2859.000000000;129;9478586837;S
20240130;101728;2858.500000000;9;9478586838;S
20240130;101728;2858.500000000;238;9478586839;S
20240130;101728;2858.500000000;30;9478586840;S
20240130;101728;2858.000000000;50;9478586841;S
20240130;101728;2858.000000000;50;9478586842;S
20240130;101728;2858.000000000;1;9478586843;S
20240130;101728;2858.000000000;15;9478586844;S
20240130;101728;2858.000000000;5;9478586845;S
20240130;101728;2858.000000000;1;9478586846;S
20240130;101728;2858.000000000;87;9478586847;S
20240130;101728;2858.000000000;27;9478586848;S
20240130;101728;2857.500000000;2;9478586849;S
20240130;101728;2857.000000000;1;9478586850;S
20240130;101728;2857.000000000;40;9478586851;S
20240130;101728;2857.000000000;50;9478586852;S
20240130;101728;2857.000000000;140;9478586853;S
20240130;101728;2857.000000000;23;9478586854;S
20240130;101728;2857.000000000;2;9478586855;B
20240130;101728;2857.000000000;32;9478586859;B
20240130;101728;2859.500000000;2;9478586959;B
20240130;101729;2859.500000000;52;9478587011;B
20240130;101729;2860.000000000;141;9478587012;B
20240130;101729;2860.000000000;9;9478587013;B
20240130;101730;2860.000000000;36;9478587093;S
20240130;101730;2859.000000000;20;9478587094;S
20240130;101730;2859.000000000;1;9478587095;S
20240130;101730;2857.500000000;27;9478587096;S
20240130;101730;2857.000000000;32;9478587097;S
20240130;101730;2857.000000000;2;9478587098;S
20240130;101730;2856.500000000;44;9478587099;S
20240130;101730;2861.000000000;1;9478587237;B
20240130;101730;2860.000000000;3;9478587245;S
20240130;101732;2857.000000000;12;9478587532;S
20240130;101732;2859.500000000;8;9478587706;B
20240130;101733;2857.500000000;1;9478587824;B
20240130;101736;2857.500000000;4;9478588357;B
20240130;101736;2859.000000000;4;9478588358;B
20240130;101737;2857.500000000;1;9478588453;S
20240130;101737;2857.500000000;10;9478588454;S
20240130;101737;2857.500000000;5;9478588456;S
20240130;101739;2857.500000000;1;9478588677;S
20240130;101739;2857.000000000;4;9478588678;S
20240130;101740;2858.000000000;5;9478588821;B
20240130;101740;2859.000000000;5;9478588822;B
20240130;101742;2858.000000000;1;9478589270;B
20240130;101742;2857.500000000;5;9478589280;S
20240130;101745;2858.000000000;1;9478589778;B
20240130;101746;2857.500000000;5;9478589912;S
20240130;101746;2857.500000000;9;9478589913;S
20240130;101747;2857.000000000;5;9478590066;S
20240130;101748;2857.000000000;1;9478590578;S
20240130;101749;2857.000000000;2;9478590696;S
20240130;101749;2857.500000000;1;9478590757;B
20240130;101752;2857.000000000;3;9478591388;S
20240130;101752;2857.000000000;2;9478591389;S
20240130;101752;2857.500000000;6;9478591463;B
20240130;101754;2857.500000000;1;9478591788;B
20240130;101754;2857.000000000;12;9478591845;S
20240130;101754;2857.000000000;15;9478591852;S
20240130;101754;2857.500000000;1;9478591935;B
20240130;101755;2857.500000000;1;9478591995;B
20240130;101755;2857.000000000;5;9478592079;S
20240130;101755;2857.500000000;15;9478592174;B
20240130;101757;2857.500000000;4;9478592506;B
20240130;101758;2857.000000000;6;9478592759;S
20240130;101758;2857.000000000;8;9478592760;S
20240130;101758;2857.000000000;3;9478592761;S
20240130;101758;2857.000000000;27;9478592762;S
20240130;101758;2857.000000000;2;9478592763;S
20240130;101758;2856.500000000;2;9478592764;S
20240130;101758;2856.500000000;30;9478592765;S
20240130;101758;2856.500000000;10;9478592766;S
20240130;101758;2856.500000000;10;9478592767;S
20240130;101758;2856.500000000;15;9478592768;S
20240130;101758;2856.500000000;2;9478592769;S
20240130;101758;2856.000000000;5;9478592770;S
20240130;101758;2856.000000000;5;9478592771;S
20240130;101758;2856.000000000;62;9478592772;S
20240130;101759;2857.000000000;5;9478592976;S
20240130;101800;2857.500000000;55;9478593013;B
20240130;101800;2857.500000000;74;9478593014;B
20240130;101800;2857.500000000;67;9478593056;S
20240130;101800;2857.500000000;10;9478593061;S
20240130;101800;2857.500000000;5;9478593071;S
20240130;101801;2858.000000000;2;9478593189;B
20240130;101801;2857.500000000;5;9478593206;S
20240130;101802;2858.000000000;1;9478593314;B
20240130;101802;2858.000000000;3;9478593315;B
20240130;101802;2858.000000000;3;9478593317;B
20240130;101806;2857.500000000;7;9478594044;S
20240130;101807;2858.000000000;109;9478594308;B
20240130;101807;2858.500000000;10;9478594309;B
20240130;101807;2859.000000000;45;9478594310;B
20240130;101807;2859.500000000;5;9478594311;B
20240130;101807;2859.500000000;30;9478594312;B
20240130;101809;2859.500000000;1;9478594742;S
20240130;101809;2857.500000000;4;9478594743;S
20240130;101809;2857.500000000;1;9478594846;S
20240130;101809;2857.500000000;2;9478594847;S
20240130;101809;2857.000000000;25;9478594848;S
20240130;101809;2857.000000000;8;9478594849;S
20240130;101809;2857.000000000;14;9478594850;S
20240130;101810;2857.000000000;1;9478595139;S
20240130;101811;2857.000000000;1;9478595330;B
20240130;101812;2856.500000000;1;9478595438;S
20240130;101812;2856.500000000;1;9478595530;B
20240130;101813;2856.500000000;2;9478595653;B
20240130;101815;2856.500000000;1;9478596286;B
20240130;101817;2856.500000000;2;9478596547;S
20240130;101819;2856.500000000;5;9478596783;B
20240130;101819;2857.000000000;3;9478596784;B
20240130;101819;2857.000000000;10;9478596785;B
20240130;101819;2857.500000000;2;9478596786;B
20240130;101819;2858.000000000;5;9478596787;B
20240130;101819;2858.500000000;5;9478596788;B
20240130;101819;2858.500000000;2;9478596856;B
20240130;101820;2856.500000000;1;9478597005;S
20240130;101821;2856.500000000;4;9478597182;B
20240130;101821;2858.500000000;43;9478597223;B
20240130;101821;2859.000000000;104;9478597224;B
20240130;101821;2859.500000000;27;9478597225;B
20240130;101821;2860.000000000;30;9478597226;B
20240130;101821;2860.000000000;30;9478597227;B
20240130;101821;2861.000000000;87;9478597228;B
20240130;101821;2862.000000000;35;9478597229;B
20240130;101821;2862.500000000;6;9478597230;B
20240130;101821;2862.500000000;8;9478597231;B
20240130;101821;2863.000000000;5;9478597232;B
20240130;101821;2863.000000000;5;9478597233;B
20240130;101821;2858.500000000;1;9478597246;S
20240130;101822;2861.500000000;1;9478597348;B
20240130;101822;2861.500000000;20;9478597354;S
20240130;101822;2858.500000000;24;9478597382;S
20240130;101823;2858.500000000;80;9478597635;S
20240130;101823;2858.500000000;30;9478597636;S
20240130;101823;2858.000000000;27;9478597637;S
20240130;101823;2858.000000000;87;9478597638;S
20240130;101823;2856.500000000;8;9478597639;S
20240130;101823;2856.500000000;6;9478597640;S
20240130;101823;2856.000000000;188;9478597641;S
20240130;101823;2856.000000000;5;9478597642;S
20240130;101823;2856.000000000;1;9478597643;S
20240130;101823;2856.000000000;10;9478597644;S
20240130;101823;2855.500000000;63;9478597645;S
20240130;101823;2855.500000000;35;9478597646;S
20240130;101823;2855.500000000;500;9478597647;S
20240130;101823;2855.500000000;5;9478597648;S
20240130;101823;2855.500000000;5;9478597649;S
20240130;101823;2855.500000000;5;9478597650;S
20240130;101823;2855.500000000;27;9478597651;S
20240130;101823;2855.500000000;30;9478597652;S
20240130;101823;2855.000000000;4;9478597653;S
20240130;101823;2855.000000000;157;9478597654;S
20240130;101823;2855.000000000;427;9478597655;S
20240130;101825;2855.500000000;27;9478597989;S
20240130;101825;2855.500000000;87;9478597990;S
20240130;101825;2855.500000000;10;9478597991;S
20240130;101825;2855.500000000;14;9478597992;B
20240130;101827;2855.500000000;1;9478598669;B
20240130;101829;2855.500000000;247;9478599196;B
20240130;101830;2855.000000000;1;9478599522;S
20240130;101832;2855.000000000;1;9478599757;S
20240130;101834;2855.500000000;1;9478600218;B
20240130;101835;2855.000000000;4;9478600458;S
20240130;101836;2855.500000000;67;9478600583;B
20240130;101836;2855.500000000;2;9478600584;B
20240130;101838;2855.500000000;50;9478600771;S
20240130;101838;2858.000000000;1;9478600788;B
20240130;101842;2857.000000000;2;9478601312;S
20240130;101843;2858.500000000;27;9478601649;B
20240130;101843;2858.500000000;3;9478601650;B
20240130;101844;2856.500000000;1;9478601784;S
20240130;101844;2856.000000000;4;9478601785;S
20240130;101847;2855.500000000;4;9478602268;S
20240130;101847;2856.000000000;5;9478602345;S
20240130;101849;2856.000000000;5;9478602722;S
20240130;101849;2856.000000000;2;9478602723;S
20240130;101849;2855.500000000;13;9478602724;S
20240130;101850;2858.000000000;3;9478602859;B
20240130;101852;2855.500000000;3;9478603167;S
20240130;101853;2855.500000000;1;9478603352;S
20240130;101853;2855.500000000;2;9478603353;S
20240130;101854;2855.500000000;1;9478603446;S
20240130;101854;2855.500000000;2;9478603447;S
20240130;101900;2858.000000000;7;9478604367;B
20240130;101900;2858.000000000;10;9478604368;B
20240130;101900;2858.000000000;1;9478604369;B
20240130;101900;2858.000000000;2;9478604370;B
20240130;101901;2856.000000000;5;9478604563;S
20240130;101919;2856.500000000;10;9478608207;S
20240130;101919;2856.500000000;8;9478608208;S
20240130;101920;2858.000000000;2;9478608412;B
20240130;101923;2856.500000000;1;9478608776;S
20240130;101923;2856.500000000;5;9478608777;S
20240130;101926;2856.500000000;45;9478609187;S
20240130;101926;2856.500000000;10;9478609188;S
20240130;101926;2856.500000000;9;9478609189;S
20240130;101926;2856.000000000;41;9478609190;S
20240130;101926;2858.000000000;1;9478609207;B
20240130;101926;2858.000000000;1;9478609208;B
20240130;101929;2858.500000000;27;9478609532;B
20240130;101929;2859.000000000;9;9478609533;B
20240130;101929;2859.000000000;10;9478609548;S
20240130;101929;2859.500000000;8;9478609602;B
20240130;101930;2859.500000000;19;9478609759;B
20240130;101930;2860.000000000;2;9478609760;B
20240130;101931;2859.500000000;27;9478609816;B
20240130;101931;2860.000000000;8;9478609817;B
20240130;101932;2859.000000000;10;9478610035;S
20240130;101939;2859.000000000;1;9478611063;S
20240130;101939;2859.500000000;3;9478611107;B
20240130;101941;2859.500000000;3;9478611487;B
20240130;101942;2859.500000000;10;9478611633;B
20240130;101942;2859.000000000;18;9478611666;S
20240130;101948;2860.000000000;6;9478612932;S
20240130;101948;2859.500000000;20;9478612933;S
20240130;101948;2859.500000000;10;9478612934;S
20240130;101948;2859.000000000;5;9478612935;S
20240130;101948;2859.000000000;9;9478612936;S
20240130;101951;2860.500000000;27;9478613869;B
20240130;101951;2861.000000000;7;9478613870;B
20240130;101951;2861.000000000;6;9478613871;B
20240130;101954;2859.000000000;12;9478614436;S
20240130;101958;2858.000000000;139;9478615113;S
20240130;101959;2858.500000000;50;9478615329;B
20240130;102001;2858.000000000;1;9478615682;S
20240130;102001;2858.000000000;2;9478615732;S
20240130;102002;2858.500000000;1;9478615742;B
20240130;102004;2858.500000000;8;9478616299;B
20240130;102004;2858.500000000;1;9478616305;B
20240130;102004;2858.500000000;13;9478616365;B
20240130;102006;2858.500000000;22;9478616728;B
20240130;102006;2859.000000000;25;9478616729;B
20240130;102006;2859.000000000;27;9478616730;B
20240130;102006;2859.000000000;2;9478616731;B
20240130;102006;2859.000000000;9;9478616732;B
20240130;102006;2859.000000000;14;9478616786;S
20240130;102007;2859.500000000;5;9478617037;B
20240130;102007;2859.000000000;4;9478617040;S
20240130;102008;2859.000000000;1;9478617109;S
20240130;102010;2859.500000000;13;9478617387;B
20240130;102011;2859.500000000;2;9478617546;B
