<DATE>;<TIME>;<LAST>;<VOL>;<ID>;<OPER>
20240229;095941;3130;3;9725503910;B
20240229;095941;3130;5;9725503911;B
20240229;095941;3130;15;9725503912;B
20240229;095941;3130;1;9725503913;B
20240229;095941;3130;2;9725503914;B
20240229;095941;3130;2;9725503915;B
20240229;095941;3130;4;9725503916;B
20240229;095941;3130;1;9725503917;S
20240229;095941;3130;1;9725503918;S
20240229;095941;3130;1;9725503919;S
20240229;095941;3130;3;9725503920;S
20240229;095941;3130;30;9725503921;S
20240229;095941;3130;34;9725503922;S
20240229;095941;3130;1;9725503923;S
20240229;095941;3130;6;9725503924;S
20240229;095941;3130;1;9725503925;B
20240229;095941;3130;8;9725503926;S
20240229;095941;3130;1;9725503927;S
20240229;095941;3130;1;9725503928;S
20240229;095941;3130;1;9725503929;S
20240229;095941;3130;1;9725503930;S
20240229;095941;3130;3;9725503931;S
20240229;095941;3130;14;9725503932;S
20240229;095941;3130;10;9725503933;S
20240229;095941;3130;176;9725503934;S
20240229;095941;3130;1;9725503935;S
20240229;095941;3130;30;9725503936;S
20240229;095941;3130;200;9725503937;B
20240229;095941;3130;1;9725503938;B
20240229;095941;3130;1;9725503939;S
20240229;095941;3130;1;9725503940;S
20240229;095941;3130;8;9725503941;S
20240229;095941;3130;20;9725503942;S
20240229;095941;3130;1;9725503943;S
20240229;095941;3130;2;9725503944;S
20240229;095941;3130;17;9725503945;S
20240229;095941;3130;1;9725503946;S
20240229;095941;3130;1;9725503947;S
20240229;095941;3130;96;9725503948;S
20240229;095941;3130;5;9725503949;S
20240229;095941;3130;1;9725503950;S
20240229;095941;3130;5;9725503951;S
20240229;095941;3130;1;9725503952;S
20240229;095941;3130;3;9725503953;S
20240229;095941;3130;1;9725503954;S
20240229;095941;3130;2;9725503955;S
20240229;095941;3130;1;9725503956;S
20240229;095941;3130;1;9725503957;S
20240229;095941;3130;10;9725503958;B
20240229;095941;3130;1;9725503959;B
20240229;095941;3130;5;9725503960;S
20240229;095941;3130;130;9725503961;S
20240229;095941;3130;5;9725503962;S
20240229;100000;3133;1;9725507715;B
20240229;100000;3133.5;1;9725507737;B
20240229;100000;3133.5;10;9725507738;B
20240229;100000;3134.5;1;9725507870;B
20240229;100000;3134.5;1;9725507871;B
20240229;100000;3138.5;9;9725508204;S
20240229;100000;3138.5;30;9725508205;S
20240229;100000;3138.5;25;9725508223;B
20240229;100000;3139;6;9725508224;B
20240229;100000;3139;3;9725508225;B
20240229;100000;3141.5;15;9725508355;B
20240229;100000;3141.5;10;9725508357;B
20240229;100000;3141.5;20;9725508358;B
20240229;100000;3141.5;20;9725508359;B
20240229;100003;3134;10;9725509953;S
20240229;100003;3131.5;48;9725509967;S
20240229;100003;3131.5;2;9725509968;S
20240229;100003;3131.5;4;9725509977;S
20240229;100005;3133;159;9725511060;B
20240229;100005;3134;9;9725511768;B
20240229;100005;3135.5;60;9725511769;B
20240229;100005;3135.5;25;9725511770;B
20240229;100005;3136;6;9725511771;B
20240229;100006;3136.5;1;9725511981;B
20240229;100006;3132.5;48;9725511983;S
20240229;100006;3132.5;32;9725511984;S
20240229;100006;3132;1;9725511985;S
20240229;100006;3132;25;9725511986;S
20240229;100006;3132;9;9725511987;S
20240229;100006;3131.5;85;9725511988;S
20240229;100006;3131;7;9725512787;S
20240229;100007;3135;3;9725513257;B
20240229;100007;3132;1;9725513784;S
20240229;100007;3131.5;18;9725513785;S
20240229;100007;3133;12;9725514095;S
20240229;100008;3132;5;9725514604;S
20240229;100008;3134.5;3;9725514680;B
20240229;100008;3135;25;9725514681;B
20240229;100008;3136;20;9725514682;B
20240229;100009;3132.5;1;9725514960;S
20240229;100010;3132.5;5;9725515273;S
20240229;100010;3135.5;7;9725515450;B
20240229;100010;3135.5;18;9725515480;B
20240229;100010;3136;13;9725515481;B
20240229;100010;3135.5;25;9725515484;B
20240229;100010;3136;63;9725515485;B
20240229;100010;3136;32;9725515486;B
20240229;100010;3136.5;30;9725515487;B
20240229;100011;3133.5;2;9725515540;S
20240229;100011;3133.5;11;9725515577;S
20240229;100011;3137;3;9725515671;B
20240229;100011;3137.5;4;9725515672;B
20240229;100011;3137.5;20;9725515673;B
20240229;100011;3138;2;9725515742;B
20240229;100011;3134;1;9725515743;S
20240229;100012;3134;1;9725515922;S
20240229;100012;3134;2;9725515978;S
20240229;100012;3133.5;2;9725515979;S
20240229;100012;3134;7;9725516047;S
20240229;100012;3134;1;9725516089;S
20240229;100012;3134;1;9725516163;S
20240229;100012;3134;3;9725516253;S
20240229;100012;3134;1;9725516295;S
20240229;100013;3137.5;21;9725516296;B
20240229;100013;3134;8;9725516326;S
20240229;100013;3134;2;9725516408;S
20240229;100013;3137.5;1;9725516509;B
20240229;100015;3138;1;9725517071;B
20240229;100015;3138.5;1;9725517072;B
20240229;100017;3138;1;9725517595;B
20240229;100018;3135.5;1;9725517851;S
20240229;100021;3135.5;1;9725518618;B
20240229;100021;3137;1;9725518619;B
20240229;100021;3137.5;1;9725518620;B
20240229;100021;3137.5;23;9725518621;B
20240229;100021;3137.5;14;9725518622;B
20240229;100022;3137;6;9725519057;B
20240229;100024;3135.5;9;9725519396;S
20240229;100024;3138;1;9725519440;B
20240229;100025;3138;1;9725519616;B
20240229;100026;3135.5;28;9725519882;S
20240229;100028;3135.5;2;9725520454;S
20240229;100028;3135.5;11;9725520481;S
20240229;100028;3134.5;1;9725520536;S
20240229;100030;3133.5;8;9725521172;S
20240229;100031;3134;1;9725521406;S
20240229;100031;3133.5;4;9725521433;S
20240229;100033;3136;1;9725521772;B
20240229;100034;3133.5;1;9725522094;S
20240229;100038;3135;3;9725522853;B
20240229;100038;3136;19;9725522854;B
20240229;100038;3136.5;25;9725522855;B
20240229;100038;3136.5;1;9725522856;B
20240229;100038;3137;22;9725522857;B
20240229;100041;3137.5;1;9725523371;S
20240229;100041;3139;12;9725523406;B
20240229;100041;3139.5;8;9725523407;B
20240229;100044;3139.5;1;9725524072;B
20240229;100044;3139;1;9725524260;B
20240229;100044;3136;1;9725524282;S
20240229;100046;3139;1;9725524663;B
20240229;100046;3139.5;4;9725524664;B
20240229;100050;3139.5;32;9725525533;B
20240229;100050;3140;11;9725525534;B
20240229;100051;3140;9;9725525820;B
20240229;100051;3140;1;9725525821;B
20240229;100055;3140.5;1;9725526535;B
20240229;100059;3140.5;73;9725527217;B
20240229;100100;3140.5;1;9725527413;B
20240229;100100;3138.5;1;9725527422;S
20240229;100100;3138;2;9725527423;S
20240229;100100;3138;18;9725527543;S
20240229;100100;3138;5;9725527553;S
20240229;100100;3137.5;1;9725527554;S
20240229;100100;3137;54;9725527555;S
20240229;100102;3139.5;7;9725527797;B
20240229;100102;3140;1;9725527798;B
20240229;100102;3140;52;9725527799;B
20240229;100106;3136;11;9725528868;S
20240229;100107;3139.5;15;9725529021;B
20240229;100113;3137;1;9725530181;S
20240229;100113;3136.5;1;9725530182;S
20240229;100113;3136;2;9725530183;S
20240229;100113;3135.5;20;9725530184;S
20240229;100113;3135;7;9725530185;S
20240229;100123;3137;5;9725531973;B
20240229;100125;3135;1;9725532326;S
20240229;100131;3138;1;9725533406;B
20240229;100134;3138.5;30;9725533913;B
20240229;100138;3136.5;8;9725534738;S
20240229;100138;3136.5;2;9725534779;S
20240229;100139;3136.5;2;9725534992;S
20240229;100142;3136.5;2;9725535642;S
20240229;100148;3136.5;1;9725536784;S
20240229;100148;3136.5;1;9725536785;S
20240229;100148;3135.5;3;9725536786;S
20240229;100149;3137;1;9725537067;S
20240229;100153;3135.5;19;9725537615;S
20240229;100157;3135;3;9725538398;S
20240229;100158;3135;8;9725538669;S
20240229;100202;3135;1;9725539370;B
20240229;100204;3135;17;9725539735;B
20240229;100204;3135;30;9725539837;B
20240229;100205;3135;1;9725539998;B
20240229;100206;3134.5;5;9725540135;S
20240229;100206;3134.5;30;9725540136;S
20240229;100207;3135;1;9725540282;B
20240229;100209;3135;5;9725540765;B
20240229;100209;3134.5;3;9725540911;S
20240229;100209;3134;5;9725540912;S
20240229;100210;3135;10;9725541006;B
20240229;100210;3134.5;1;9725541120;S
20240229;100211;3135;3;9725541355;B
20240229;100212;3134.5;1;9725541389;S
20240229;100212;3134.5;1;9725541390;S
20240229;100214;3135;1;9725541844;B
20240229;100215;3134.5;3;9725541926;S
20240229;100216;3134.5;1;9725542232;S
20240229;100217;3134.5;2;9725542439;S
20240229;100218;3135;40;9725542727;B
20240229;100219;3134.5;1;9725542851;S
20240229;100220;3134.5;1;9725543078;S
20240229;100220;3135;5;9725543138;B
20240229;100222;3135;3;9725543323;B
20240229;100223;3135;1;9725543579;B
20240229;100225;3134.5;1;9725543943;S
20240229;100226;3134.5;8;9725544086;S
20240229;100226;3134.5;1;9725544286;S
20240229;100227;3134.5;3;9725544506;S
20240229;100229;3134.5;1;9725544757;S
20240229;100229;3134.5;1;9725544798;S
20240229;100229;3134.5;1;9725544831;S
20240229;100229;3134.5;4;9725544938;S
20240229;100230;3134.5;1;9725544995;S
20240229;100230;3134.5;2;9725545077;S
20240229;100230;3134.5;3;9725545078;S
20240229;100230;3135;2;9725545100;B
20240229;100230;3134.5;1;9725545127;S
20240229;100232;3134.5;1;9725545534;S
20240229;100232;3134.5;3;9725545576;S
20240229;100232;3134;2;9725545577;S
20240229;100234;3134;3;9725545965;S
20240229;100234;3134;241;9725546078;S
20240229;100234;3134;9;9725546079;S
20240229;100235;3134;1;9725546213;S
20240229;100235;3134.5;1;9725546252;B
20240229;100235;3134;1;9725546443;S
20240229;100237;3134;3;9725546815;S
20240229;100237;3134;1;9725546816;S
20240229;100237;3133.5;5;9725546817;S
20240229;100237;3133.5;1;9725546841;B
20240229;100238;3133;1;9725546913;S
20240229;100239;3133.5;2;9725547280;B
20240229;100240;3133.5;3;9725547360;B
20240229;100242;3133;3;9725547792;S
20240229;100243;3133.5;3;9725547978;B
20240229;100244;3135;3;9725548362;B
20240229;100247;3133.5;1;9725548802;S
20240229;100249;3133.5;1;9725549338;S
20240229;100249;3133.5;1;9725549387;S
20240229;100249;3133.5;2;9725549435;S
20240229;100249;3133.5;3;9725549436;S
20240229;100251;3135;42;9725549969;B
20240229;100251;3135;5;9725549970;B
20240229;100251;3135;3;9725549971;B
20240229;100258;3133.5;1;9725551459;S
20240229;100259;3133.5;1;9725551902;S
20240229;100259;3133.5;8;9725551903;S
20240229;100305;3133.5;2;9725553008;S
20240229;100306;3135;1;9725553243;B
20240229;100306;3135;1;9725553257;B
20240229;100307;3133;1;9725553481;S
20240229;100309;3133;1;9725553926;S
20240229;100316;3135;7;9725555355;B
20240229;100316;3135;1;9725555356;B
20240229;100318;3133;3;9725555942;S
20240229;100320;3134;1;9725556239;B
20240229;100323;3133;2;9725557059;S
20240229;100323;3133;1;9725557060;S
20240229;100327;3134;1;9725558138;B
20240229;100330;3135;7;9725558459;B
20240229;100334;3133;3;9725559247;S
20240229;100334;3133;3;9725559248;S
20240229;100334;3134.5;3;9725559365;B
20240229;100334;3135;2;9725559366;B
20240229;100334;3133;4;9725559383;S
20240229;100337;3132;4;9725559896;S
20240229;100353;3132;65;9725562564;S
20240229;100354;3132;1;9725562778;S
20240229;100354;3132.5;2;9725562849;B
20240229;100354;3132;1;9725562850;S
20240229;100354;3132;5;9725562851;S
20240229;100403;3133;16;9725564559;B
20240229;100407;3132;2;9725565188;S
20240229;100409;3132;22;9725565726;S
20240229;100409;3132;5;9725565727;S
20240229;100409;3132;5;9725565728;S
20240229;100409;3132;5;9725565729;S
20240229;100411;3132.5;1;9725566435;B
20240229;100412;3132;10;9725566670;S
20240229;100412;3131.5;6;9725566671;S
20240229;100412;3131;4;9725566672;S
20240229;100412;3131;4;9725566673;S
20240229;100412;3131;33;9725566674;S
20240229;100412;3130.5;6;9725566675;S
20240229;100412;3130.5;96;9725566676;S
20240229;100412;3130.5;2;9725566677;S
20240229;100412;3130.5;70;9725566678;S
20240229;100412;3130;211;9725566679;S
20240229;100412;3130;1;9725566680;S
20240229;100412;3130;59;9725566681;S
20240229;100412;3130;500;9725566682;S
20240229;100412;3130;15;9725566683;S
20240229;100412;3130;1;9725566684;S
20240229;100412;3130;1;9725566685;S
20240229;100412;3130;1;9725566686;S
20240229;100412;3130;1980;9725566687;S
20240229;100412;3130;20;9725566689;S
20240229;100412;3130;20;9725566690;S
20240229;100412;3130;20;9725566691;S
20240229;100412;3130;60;9725566692;S
20240229;100412;3130;10;9725566693;S
20240229;100412;3130;13;9725566694;S
20240229;100412;3129.5;6;9725566695;B
20240229;100412;3130;1;9725566809;B
20240229;100413;3130;3;9725566967;B
20240229;100413;3130;25;9725566968;B
20240229;100413;3130;5;9725566969;B
20240229;100413;3130;100;9725567011;S
20240229;100414;3130;500;9725567332;S
20240229;100414;3130;31;9725567333;S
20240229;100414;3130;3;9725567334;S
20240229;100414;3130;1;9725567335;S
20240229;100415;3129;7;9725567508;B
20240229;100415;3129;14;9725567509;B
20240229;100415;3128.5;18;9725567553;S
20240229;100415;3128;32;9725567554;S
20240229;100416;3128;30;9725567662;S
20240229;100416;3129;1;9725567708;B
20240229;100417;3128;200;9725567962;S
20240229;100419;3128;30;9725568215;S
20240229;100419;3128;50;9725568316;S
20240229;100419;3128;42;9725568317;S
20240229;100419;3128;20;9725568318;S
20240229;100419;3128;4;9725568319;S
20240229;100419;3128;10;9725568320;S
20240229;100419;3128;1;9725568321;S
20240229;100419;3128;10;9725568322;S
20240229;100419;3127.5;1;9725568323;S
20240229;100419;3127.5;1;9725568324;S
20240229;100420;3127;1;9725568348;S
20240229;100420;3127;1;9725568349;S
20240229;100421;3126.5;15;9725568494;S
20240229;100423;3126;25;9725569110;S
20240229;100423;3125.5;21;9725569111;S
20240229;100423;3125.5;4;9725569112;S
20240229;100423;3125.5;2;9725569224;S
20240229;100425;3125.5;7;9725569509;S
20240229;100425;3125;1;9725569510;S
20240229;100425;3125;1;9725569511;S
20240229;100425;3125;15;9725569512;S
20240229;100425;3125;1;9725569513;S
20240229;100425;3125;50;9725569514;S
20240229;100425;3125;10;9725569515;S
20240229;100425;3125;1;9725569516;S
20240229;100425;3125;5;9725569517;S
20240229;100425;3125;5;9725569518;S
20240229;100425;3125;1;9725569519;S
20240229;100425;3125;1;9725569520;S
20240229;100425;3125;80;9725569521;S
20240229;100425;3124.5;79;9725569522;S
20240229;100425;3124.5;27;9725569591;B
20240229;100425;3124;1;9725569614;S
20240229;100425;3123.5;11;9725569615;S
20240229;100425;3123.5;21;9725569616;S
20240229;100425;3124;6;9725569636;B
20240229;100425;3124.5;20;9725569637;B
20240229;100425;3125;4;9725569638;B
20240229;100425;3125;5;9725569644;B
20240229;100425;3125;1;9725569673;B
20240229;100425;3124;2;9725569711;B
20240229;100425;3124;1;9725569724;B
20240229;100425;3123;4;9725569764;S
20240229;100426;3123;2;9725569793;S
20240229;100426;3123.5;2;9725569795;B
20240229;100426;3123.5;5;9725569814;B
20240229;100426;3123;3;9725569860;S
20240229;100426;3123;8;9725569863;S
20240229;100426;3123;8;9725569864;S
20240229;100426;3123;39;9725569865;S
20240229;100426;3123;8;9725569874;S
20240229;100426;3123.5;1;9725569892;B
20240229;100426;3123.5;1;9725569895;B
20240229;100426;3123;33;9725569906;S
20240229;100426;3122.5;1;9725569907;S
20240229;100426;3122.5;2;9725569908;S
20240229;100426;3123;17;9725569916;S
20240229;100426;3123;4;9725570024;S
20240229;100426;3123;10;9725570029;S
20240229;100427;3123;4;9725570050;S
20240229;100427;3123;1;9725570051;S
20240229;100427;3122.5;3;9725570165;S
20240229;100428;3122.5;2;9725570283;S
20240229;100429;3123;1;9725570496;B
20240229;100432;3123;13;9725571058;B
20240229;100432;3123;2;9725571130;B
20240229;100433;3122.5;80;9725571306;S
20240229;100433;3122.5;30;9725571307;S
20240229;100433;3122.5;25;9725571308;S
20240229;100433;3122.5;3;9725571391;S
20240229;100434;3122.5;3;9725571527;B
20240229;100435;3122.5;3;9725571682;B
20240229;100436;3122.5;4;9725572052;B
20240229;100436;3122.5;1;9725572053;B
20240229;100437;3123;29;9725572307;B
20240229;100437;3123;4;9725572442;S
20240229;100437;3123;1;9725572448;S
20240229;100438;3122.5;36;9725572950;B
20240229;100447;3123.5;10;9725575059;B
20240229;100448;3123.5;3;9725575305;B
20240229;100448;3123.5;10;9725575312;B
20240229;100448;3123.5;5;9725575345;B
20240229;100448;3123.5;21;9725575352;B
20240229;100449;3123;1;9725575473;S
20240229;100450;3123.5;15;9725575650;B
20240229;100451;3123.5;36;9725575803;B
20240229;100451;3123.5;9;9725575865;S
20240229;100452;3124;1;9725576103;B
20240229;100452;3124;99;9725576104;B
20240229;100452;3124;34;9725576105;B
20240229;100452;3124;17;9725576106;B
20240229;100452;3125;99;9725576107;B
20240229;100453;3125;2;9725576285;B
20240229;100453;3125;2;9725576416;B
20240229;100454;3125;2;9725576469;B
20240229;100454;3125;2;9725576502;B
20240229;100454;3125;2;9725576540;B
20240229;100454;3125;2;9725576590;B
20240229;100455;3125;3;9725576741;B
20240229;100455;3124.5;2;9725576756;S
20240229;100456;3125;2;9725576914;B
20240229;100456;3127;1;9725576990;B
20240229;100456;3127;6;9725577006;B
20240229;100456;3128;8;9725577007;B
20240229;100456;3128;6;9725577008;B
20240229;100456;3128.5;25;9725577009;B
20240229;100456;3129;5;9725577010;B
20240229;100501;3129.5;100;9725577841;S
20240229;100503;3128.5;50;9725578188;B
20240229;100503;3128.5;1;9725578303;B
20240229;100506;3128.5;1;9725579066;B
20240229;100516;3128;10;9725580746;B
20240229;100516;3125.5;4;9725580774;S
20240229;100516;3125.5;15;9725580775;S
20240229;100520;3128;1;9725581646;B
20240229;100522;3127;48;9725582257;S
20240229;100524;3127;2;9725582545;S
20240229;100524;3127;1;9725582546;S
20240229;100525;3126.5;1;9725582656;B
20240229;100538;3126;1;9725585015;S
20240229;100541;3126.5;10;9725585517;B
20240229;100542;3126.5;2;9725585798;B
20240229;100547;3126;6;9725586756;S
20240229;100547;3126;20;9725586757;S
20240229;100548;3126.5;1;9725587077;B
20240229;100548;3126.5;2;9725587099;B
20240229;100548;3126.5;18;9725587100;B
20240229;100548;3126.5;19;9725587101;B
20240229;100548;3126.5;13;9725587102;B
20240229;100548;3126.5;1;9725587103;B
20240229;100548;3127;1;9725587104;B
20240229;100548;3127;1;9725587143;S
20240229;100553;3128;10;9725587921;B
20240229;100554;3127.5;6;9725588211;S
20240229;100554;3127.5;32;9725588212;S
20240229;100554;3127.5;16;9725588213;S
20240229;100558;3127;1;9725588790;B
20240229;100559;3128;10;9725588979;B
20240229;100601;3128;30;9725589397;B
20240229;100601;3128;5;9725589398;B
20240229;100601;3128;63;9725589399;B
20240229;100601;3128;16;9725589400;B
20240229;100601;3128.5;10;9725589401;B
20240229;100601;3128.5;25;9725589402;B
20240229;100603;3129.5;25;9725589583;B
20240229;100603;3130;1;9725589585;B
20240229;100603;3130;8;9725589586;B
20240229;100603;3130;6;9725589593;S
20240229;100603;3130;9;9725589594;S
20240229;100605;3130;1;9725590024;B
20240229;100605;3131;2;9725590025;B
20240229;100608;3131;5;9725590663;B
20240229;100610;3129.5;1;9725590959;S
20240229;100612;3129.5;1;9725591244;S
20240229;100612;3131;1;9725591391;B
20240229;100624;3130;2;9725594743;S
20240229;100624;3130;2;9725594744;S
20240229;100624;3130;11;9725594745;S
20240229;100624;3130;28;9725594746;S
20240229;100625;3130;1;9725594941;S
20240229;100625;3130;1;9725594953;B
20240229;100627;3130;3;9725595434;B
20240229;100630;3130;2;9725595746;B
20240229;100632;3129;1;9725596073;S
20240229;100635;3129;5;9725596651;S
20240229;100641;3129;1;9725597599;S
20240229;100641;3128;2;9725597852;S
20240229;100645;3128;1;9725598489;S
20240229;100647;3126.5;1;9725598814;S
20240229;100651;3126;1;9725599374;S
20240229;100653;3127.5;1;9725599730;B
20240229;100654;3127;2;9725599768;S
20240229;100654;3126;3;9725599769;S
20240229;100655;3126;5;9725600046;S
20240229;100655;3125.5;32;9725600047;S
20240229;100655;3125.5;29;9725600048;S
20240229;100655;3125;1;9725600049;S
20240229;100655;3125;15;9725600050;S
20240229;100655;3125;20;9725600051;S
20240229;100655;3125;1;9725600052;S
20240229;100655;3125;10;9725600053;S
20240229;100655;3125;2;9725600054;S
20240229;100655;3125;30;9725600055;S
20240229;100655;3125;1;9725600056;S
20240229;100655;3125;1;9725600057;S
20240229;100655;3125;5;9725600058;S
20240229;100655;3125;79;9725600059;S
20240229;100655;3124.5;5;9725600060;S
20240229;100655;3124.5;25;9725600061;S
20240229;100655;3124;10;9725600062;S
20240229;100655;3124;8;9725600063;S
20240229;100655;3124;44;9725600064;B
20240229;100655;3124;63;9725600065;B
20240229;100655;3124;193;9725600066;B
20240229;100655;3124;321;9725600067;B
20240229;100655;3124.5;30;9725600068;B
20240229;100658;3126.5;1;9725600331;B
20240229;100701;3126.5;4;9725600752;B
20240229;100701;3126.5;5;9725600753;B
20240229;100703;3126;1;9725600910;S
20240229;100703;3126;1;9725600911;S
20240229;100704;3126;1;9725601077;S
20240229;100708;3127.5;1;9725601424;B
20240229;100709;3127.5;1;9725601465;B
20240229;100711;3127;1;9725601765;S
20240229;100712;3128.5;1;9725601850;B
20240229;100716;3129;1;9725602434;B
20240229;100717;3129;24;9725602529;B
20240229;100717;3129;24;9725602530;B
20240229;100726;3130;5;9725603758;B
20240229;100726;3130;1;9725603759;B
20240229;100726;3130;79;9725603760;B
20240229;100726;3130;30;9725603761;B
20240229;100730;3131;1;9725604425;B
20240229;100732;3130.5;1;9725604891;S
20240229;100734;3130.5;1;9725605127;S
20240229;100735;3130;10;9725605264;S
20240229;100737;3129.5;5;9725605614;S
20240229;100737;3129.5;5;9725605615;S
20240229;100737;3129;10;9725605616;S
20240229;100747;3130;2;9725607175;S
20240229;100747;3130;5;9725607176;S
20240229;100747;3129.5;18;9725607177;S
20240229;100756;3130;20;9725608550;B
20240229;100756;3131;1;9725608588;B
20240229;100802;3131;13;9725609392;B
20240229;100802;3131;1;9725609393;B
20240229;100802;3131;14;9725609394;B
20240229;100802;3131;10;9725609395;B
20240229;100802;3132;5;9725609574;B
20240229;100802;3132;15;9725609575;B
20240229;100802;3132;4;9725609576;B
20240229;100802;3132.5;79;9725609586;B
20240229;100802;3133;2;9725609590;B
20240229;100804;3133.5;10;9725609829;B
20240229;100804;3133.5;10;9725609875;B
20240229;100805;3132.5;1;9725610020;S
20240229;100809;3134;6;9725610616;B
20240229;100809;3133.5;20;9725610650;S
20240229;100817;3132.5;1;9725611865;S
20240229;100823;3133;20;9725613030;B
20240229;100831;3134;1;9725614205;B
20240229;100835;3133;5;9725614913;S
20240229;100835;3133;26;9725614914;S
20240229;100835;3132;11;9725614915;S
20240229;100835;3132;32;9725614916;S
20240229;100835;3132;1;9725614917;S
20240229;100835;3131.5;126;9725614918;S
20240229;100840;3132;5;9725615585;B
20240229;100845;3132;18;9725616488;S
20240229;100845;3132.5;32;9725616489;B
20240229;100849;3133.5;11;9725617155;B
20240229;100849;3133.5;150;9725617156;B
20240229;100849;3134;2;9725617157;B
20240229;100849;3134.5;1;9725617158;B
20240229;100849;3135;79;9725617160;B
20240229;100856;3135;7;9725618017;B
20240229;100859;3134.5;10;9725618317;S
20240229;100859;3134.5;28;9725618318;S
20240229;100859;3134.5;20;9725618319;S
20240229;100859;3135;32;9725618355;B
20240229;100904;3136;8;9725619259;B
20240229;100904;3135.5;10;9725619260;S
20240229;100909;3135;3;9725619874;S
20240229;100913;3135;3;9725620491;S
20240229;100914;3134;1;9725620604;S
20240229;100923;3135;7;9725622006;B
20240229;100923;3135;5;9725622007;B
20240229;100923;3135.5;19;9725622008;B
20240229;100924;3134.5;5;9725622143;S
20240229;100936;3135;5;9725624230;S
20240229;100936;3134.5;1;9725624231;S
20240229;100936;3134.5;3;9725624232;S
20240229;100940;3134.5;45;9725624745;B
20240229;100944;3135.5;1;9725625267;B
20240229;100944;3136;5;9725625268;B
20240229;100944;3136;5;9725625269;B
20240229;100944;3136.5;1;9725625339;B
20240229;100944;3136.5;3;9725625340;B
20240229;100946;3135.5;1;9725625513;S
20240229;100946;3136;1;9725625534;B
20240229;100946;3136;14;9725625535;S
20240229;100947;3135.5;1;9725625835;S
20240229;100951;3136;3;9725626456;B
20240229;101001;3135.5;1;9725627970;S
20240229;101010;3135.5;2;9725629157;S
20240229;101011;3135.5;5;9725629511;S
20240229;101014;3136;1;9725629924;B
20240229;101014;3136;5;9725629925;B
20240229;101014;3136;1;9725629926;B
20240229;101020;3135.5;3;9725630858;S
20240229;101021;3136;1;9725630954;B
20240229;101027;3136;9;9725631785;B
20240229;101028;3136;1;9725631905;B
20240229;101030;3136;1;9725632186;B
20240229;101031;3136;2;9725632294;B
20240229;101031;3135.5;1;9725632307;S
20240229;101033;3136;3;9725632602;B
20240229;101034;3136;3;9725632695;B
20240229;101037;3136;1;9725633183;B
20240229;101043;3135.5;1;9725634078;S
20240229;101044;3135.5;17;9725634319;S
20240229;101044;3135.5;2;9725634320;S
20240229;101044;3135.5;5;9725634321;S
20240229;101057;3135.5;1;9725636294;B
20240229;101108;3135.5;2;9725637777;S
20240229;101114;3136;15;9725638719;B
20240229;101116;3137;5;9725639055;B
20240229;101116;3137;1;9725639056;B
20240229;101120;3136.5;1;9725639716;S
20240229;101124;3136.5;24;9725640444;S
20240229;101124;3136;1;9725640445;S
20240229;101126;3135.5;1;9725640797;S
20240229;101132;3137.5;1;9725641352;B
20240229;101132;3137.5;1;9725641353;B
20240229;101132;3138;1;9725641354;B
20240229;101132;3138;63;9725641355;B
20240229;101132;3138;5;9725641356;B
20240229;101132;3138;15;9725641357;B
20240229;101132;3138.5;1;9725641358;B
20240229;101132;3139;1;9725641477;B
20240229;101132;3139;9;9725641478;B
20240229;101139;3139;41;9725642206;B
20240229;101141;3139.5;1;9725642529;B
20240229;101141;3139.5;1;9725642530;B
20240229;101141;3140;1;9725642531;B
20240229;101142;3140;22;9725642632;B
20240229;101142;3140;1;9725642633;B
20240229;101142;3140;3;9725642634;B
20240229;101142;3140;1;9725642635;B
20240229;101142;3140;1;9725642636;B
20240229;101142;3140.5;71;9725642637;B
20240229;101143;3139;1;9725642790;S
20240229;101144;3138.5;10;9725642895;S
20240229;101144;3138.5;12;9725642896;S
20240229;101149;3139;1;9725643648;S
20240229;101208;3140;20;9725646242;B
20240229;101208;3140;5;9725646243;B
20240229;101208;3140.5;4;9725646244;B
20240229;101208;3140.5;3;9725646245;B
20240229;101217;3140;5;9725647779;S
20240229;101218;3141;5;9725647926;B
20240229;101218;3141;41;9725647927;B
20240229;101219;3140;1;9725648009;S
20240229;101219;3140;2;9725648070;S
20240229;101219;3140;1;9725648101;S
20240229;101219;3140.5;7;9725648125;B
20240229;101221;3140;5;9725648354;S
20240229;101228;3140;1;9725649458;S
20240229;101228;3139.5;2;9725649573;S
20240229;101230;3139;1;9725649726;S
20240229;101230;3139;1;9725649891;S
20240229;101230;3139;3;9725649934;S
20240229;101233;3140.5;6;9725650320;B
20240229;101233;3140.5;4;9725650321;B
20240229;101233;3140.5;15;9725650322;B
20240229;101233;3141;23;9725650323;B
20240229;101234;3139.5;1;9725650387;S
20240229;101234;3139;1;9725650388;S
20240229;101234;3139;4;9725650389;S
20240229;101234;3139;5;9725650390;S
20240229;101237;3138.5;1;9725650824;S
20240229;101239;3138.5;1;9725651073;S
20240229;101239;3138.5;8;9725651124;S
20240229;101239;3138.5;5;9725651204;S
20240229;101239;3138.5;4;9725651287;S
20240229;101240;3138.5;1;9725651447;S
20240229;101240;3138.5;2;9725651461;S
20240229;101240;3138;1;9725651551;S
20240229;101242;3138;2;9725651965;S
20240229;101243;3138.5;4;9725652138;S
20240229;101243;3139;4;9725652177;B
20240229;101243;3139.5;1;9725652178;B
20240229;101243;3138;10;9725652182;S
20240229;101243;3138;1;9725652183;S
20240229;101245;3139;1;9725652465;B
20240229;101252;3139;4;9725653365;B
20240229;101252;3139;1;9725653366;B
20240229;101252;3139;4;9725653367;B
20240229;101254;3138;1;9725653815;S
20240229;101254;3137.5;5;9725653816;S
20240229;101254;3137.5;22;9725653817;S
20240229;101254;3137;10;9725653818;S
20240229;101254;3136.5;25;9725653819;S
20240229;101255;3137.5;5;9725653959;B
20240229;101255;3138;9;9725653960;B
20240229;101259;3138.5;1;9725654500;B
20240229;101259;3139;1;9725654501;B
20240229;101259;3139;5;9725654502;B
20240229;101259;3139;96;9725654503;B
20240229;101259;3139;32;9725654504;B
20240229;101259;3139;65;9725654505;S
20240229;101308;3140;36;9725655581;B
20240229;101308;3140;5;9725655582;B
20240229;101308;3141;9;9725655583;B
20240229;101308;3140;17;9725655593;B
20240229;101309;3139;1;9725655726;B
20240229;101314;3140;10;9725656234;B
20240229;101321;3139.5;1;9725657221;S
20240229;101326;3140;80;9725657678;B
20240229;101326;3140;4;9725657679;B
20240229;101326;3141.5;1;9725657680;B
20240229;101326;3141.5;15;9725657681;B
20240229;101327;3140;1;9725657819;S
20240229;101332;3139.5;1;9725658362;S
20240229;101334;3139.5;6;9725658707;S
20240229;101334;3139.5;1;9725658770;S
20240229;101334;3139.5;3;9725658806;S
20240229;101335;3139.5;2;9725658861;S
20240229;101335;3139.5;1;9725658900;S
20240229;101335;3139.5;3;9725658933;S
20240229;101346;3139;1;9725660420;S
20240229;101348;3139.5;1;9725660670;B
20240229;101348;3139;2;9725660684;S
20240229;101354;3139;2;9725661520;S
20240229;101356;3139.5;3;9725661785;B
20240229;101357;3139;1;9725661925;S
20240229;101401;3139;31;9725662434;S
20240229;101401;3139;30;9725662435;S
20240229;101407;3138.5;1;9725663166;S
20240229;101407;3138;3;9725663167;S
20240229;101407;3139;4;9725663233;B
20240229;101408;3138;1;9725663344;S
20240229;101409;3138.5;1;9725663535;S
20240229;101417;3138;5;9725664342;S
20240229;101420;3139;4;9725664734;B
20240229;101423;3138;4;9725664927;S
20240229;101427;3138;8;9725665442;S
20240229;101430;3138;7;9725665861;S
20240229;101436;3138;1;9725666442;S
20240229;101437;3138;164;9725666654;S
20240229;101437;3138;128;9725666655;S
20240229;101437;3138;8;9725666656;S
20240229;101438;3138;1;9725666801;S
20240229;101439;3138;1;9725666960;S
20240229;101440;3138.5;4;9725667173;B
20240229;101440;3139;5;9725667174;B
20240229;101440;3139;1;9725667175;B
20240229;101451;3139;3;9725668310;B
20240229;101528;3139;1;9725674277;B
20240229;101543;3139;10;9725677044;B
20240229;101543;3139;15;9725677045;B
20240229;101543;3139;3;9725677046;B
20240229;101543;3140;5;9725677047;B
20240229;101543;3140;16;9725677048;B
20240229;101543;3140;1;9725677049;B
20240229;101543;3140.5;50;9725677050;B
20240229;101545;3141.5;1;9725677285;B
20240229;101553;3141.5;1;9725679076;B
20240229;101553;3139;1;9725679097;S
20240229;101637;3141.5;1;9725686462;B
20240229;101637;3141.5;9;9725686580;B
20240229;101650;3141.5;9;9725687814;B
20240229;101650;3141.5;1;9725687815;B
20240229;101651;3141.5;9;9725688033;S
20240229;101652;3142;1;9725688177;B
20240229;101652;3142;2;9725688178;B
20240229;101653;3142;8;9725688323;B
20240229;101653;3142;15;9725688324;B
20240229;101653;3142.5;15;9725688325;B
20240229;101653;3142.5;10;9725688326;B
20240229;101653;3142.5;2;9725688327;B
20240229;101654;3142.5;3;9725688473;B
20240229;101654;3143;2;9725688474;B
20240229;101654;3143;5;9725688475;B
20240229;101655;3143;19;9725688631;B
20240229;101658;3143;13;9725689008;B
20240229;101659;3142.5;5;9725689135;S
20240229;101659;3142.5;4;9725689136;S
20240229;101701;3143;4;9725689456;B
20240229;101704;3143;2;9725689814;B
20240229;101706;3142;1;9725690083;S
20240229;101715;3143.5;50;9725691154;B
20240229;101716;3143.5;29;9725691256;B
20240229;101716;3144;1;9725691257;B
20240229;101716;3144;34;9725691258;B
20240229;101716;3144;5;9725691259;B
20240229;101716;3144.5;1;9725691260;B
20240229;101716;3144.5;10;9725691261;B
20240229;101716;3144.5;20;9725691262;B
20240229;101731;3143.5;1;9725692805;B
20240229;101741;3142.5;4;9725694037;B
20240229;101742;3142.5;1;9725694073;B
20240229;101743;3142.5;5;9725694121;B
20240229;101746;3142.5;1;9725694428;B
20240229;101749;3142;1;9725694736;S
20240229;101750;3142.5;1;9725694929;B
20240229;101752;3142.5;1;9725695076;B
20240229;101755;3142.5;1;9725695414;B
20240229;101806;3142.5;36;9725696899;B
20240229;101806;3142.5;5;9725696900;B
20240229;101806;3143;3;9725696901;B
20240229;101810;3142;4;9725697333;S
20240229;101810;3142;1;9725697334;S
20240229;101810;3142;5;9725697335;S
20240229;101835;3142;1;9725699864;S
20240229;101838;3142;2;9725700219;S
20240229;101845;3143;29;9725700916;B
20240229;101845;3143;5;9725700917;B
20240229;101845;3143;20;9725700918;B
20240229;101845;3143.5;2;9725700919;B
20240229;101845;3144;10;9725700920;B
20240229;101845;3144;50;9725700921;B
20240229;101845;3144;20;9725700922;B
20240229;101845;3144;64;9725700923;B
20240229;101857;3142;12;9725702281;S
20240229;101857;3142;77;9725702282;S
20240229;101857;3142;3;9725702283;S
20240229;101857;3142;3;9725702284;S
20240229;101857;3142;20;9725702285;S
20240229;101859;3142.5;1;9725702398;B
20240229;101905;3140.5;2;9725702942;S
20240229;101905;3140.5;2;9725702951;S
20240229;101905;3142.5;1;9725702969;B
20240229;101912;3140;2;9725704132;S
20240229;101927;3140;8;9725706151;S
20240229;101927;3140;85;9725706152;S
20240229;101927;3140;1;9725706153;S
20240229;101927;3140.5;1;9725706165;B
20240229;101932;3140.5;5;9725706743;B
20240229;101932;3140.5;5;9725706744;B
20240229;101936;3140;1;9725707619;S
20240229;101937;3140;1;9725707792;S
20240229;101937;3140;1;9725707983;S
20240229;101940;3140;7;9725708288;S
20240229;101941;3140.5;5;9725708602;B
20240229;101945;3140;4;9725708986;S
20240229;101945;3140;60;9725708987;S
20240229;101945;3140;16;9725708988;S
20240229;101946;3140.5;22;9725709134;B
20240229;101946;3140.5;3;9725709135;B
20240229;101951;3140;5;9725709749;S
20240229;101951;3139;1;9725709750;S
20240229;101951;3139;1;9725709751;S
20240229;101955;3139.5;1;9725710548;B
20240229;101956;3140;5;9725710680;B
20240229;102002;3139;1;9725711416;S
20240229;102005;3139;1;9725711976;S
20240229;102007;3139;1;9725712179;S
20240229;102008;3139.5;5;9725712352;B
20240229;102008;3139.5;5;9725712353;B
20240229;102018;3139.5;10;9725714004;B
20240229;102019;3139;3;9725714094;S
20240229;102020;3139;2;9725714514;S
20240229;102029;3139.5;3;9725719990;B
20240229;102029;3139;3;9725720022;S
20240229;102031;3139;1;9725720212;S
20240229;102038;3139;7;9725723511;S
20240229;102038;3139;5;9725723512;S
20240229;102038;3139;2;9725723513;S
20240229;102038;3139;3;9725723514;S
20240229;102038;3139;1;9725723515;S
20240229;102038;3139;1;9725723516;S
20240229;102038;3139;1;9725723530;B
20240229;102039;3139;1;9725723550;B
20240229;102040;3139;1;9725724683;B
20240229;102041;3138.5;1;9725725058;S
20240229;102042;3139;1;9725725808;B
20240229;102050;3139;1;9725729185;B
20240229;102052;3139;1;9725729385;B
20240229;102052;3138.5;1;9725729459;S
20240229;102052;3138.5;3;9725729460;S
20240229;102052;3138;30;9725729461;S
20240229;102052;3138;193;9725729462;S
20240229;102052;3138;128;9725729463;S
20240229;102052;3138;15;9725729464;S
20240229;102053;3138.5;5;9725729611;B
20240229;102053;3138.5;32;9725729612;B
20240229;102054;3138.5;20;9725729725;S
20240229;102054;3138.5;160;9725729748;S
20240229;102054;3138.5;33;9725729760;S
20240229;102054;3138;5;9725729761;S
20240229;102054;3138;12;9725729762;S
20240229;102054;3138.5;5;9725729878;B
20240229;102055;3138.5;1;9725730173;B
20240229;102056;3138;5;9725730335;S
20240229;102100;3138;100;9725731738;S
20240229;102101;3138.5;22;9725732697;B
20240229;102105;3138.5;1;9725733568;B
20240229;102105;3138.5;1;9725733581;B
20240229;102105;3138.5;1;9725733591;B
20240229;102105;3138.5;1;9725733598;B
20240229;102105;3138;1;9725733688;S
20240229;102107;3138.5;1;9725733897;B
20240229;102109;3138;18;9725734328;S
20240229;102110;3138;5;9725735041;S
20240229;102111;3138;4;9725735115;S
20240229;102111;3138;18;9725735127;S
20240229;102112;3138.5;25;9725735637;B
20240229;102115;3138;6;9725736362;S
20240229;102117;3138.5;1;9725736952;B
20240229;102117;3138;6;9725736973;S
20240229;102117;3138;18;9725736974;S
20240229;102117;3138;128;9725736975;S
20240229;102117;3138;1;9725736976;S
20240229;102117;3138;20;9725736977;S
20240229;102117;3138;17;9725736978;S
20240229;102118;3137;5;9725737220;S
20240229;102124;3136.5;1;9725738155;B
20240229;102124;3136;2;9725738190;S
20240229;102124;3136;2;9725738191;S
20240229;102125;3136;1;9725738582;S
20240229;102127;3135;20;9725738766;S
20240229;102127;3135;1;9725738767;S
20240229;102127;3135;1;9725738768;S
20240229;102127;3135;10;9725738769;S
20240229;102127;3135;25;9725738770;S
20240229;102127;3134;2;9725738771;S
20240229;102127;3134;79;9725738772;S
20240229;102127;3134;6;9725738773;S
20240229;102127;3134;8;9725738774;S
20240229;102127;3133.5;2;9725738775;S
20240229;102127;3133.5;26;9725738776;S
20240229;102127;3133.5;94;9725738777;S
20240229;102127;3133.5;8;9725738778;S
20240229;102127;3133;128;9725738779;S
20240229;102127;3133;2;9725738780;S
20240229;102127;3133;25;9725738781;S
20240229;102127;3133;20;9725738782;B
20240229;102127;3132.5;2;9725739192;S
20240229;102127;3132.5;1;9725739193;S
20240229;102128;3132.5;11;9725739498;S
20240229;102128;3132;2;9725739499;S
20240229;102128;3132;5;9725739500;S
20240229;102128;3132;79;9725739501;S
20240229;102128;3131.5;3;9725739502;S
20240229;102145;3134.5;1;9725744295;B
20240229;102214;3133;5;9725751733;S
20240229;102214;3134.5;1;9725751779;B
20240229;102216;3134.5;1;9725752240;B
20240229;102225;3134.5;1;9725755777;B
20240229;102226;3134.5;2;9725756219;B
20240229;102257;3135;5;9725763399;S
20240229;102258;3135;10;9725763464;B
20240229;102303;3136;1;9725764622;S
20240229;102311;3136;1;9725767925;S
20240229;102319;3137.5;2;9725769529;B
20240229;102326;3137.5;5;9725771637;B
20240229;102326;3136;1;9725771681;S
20240229;102351;3136;1;9725778094;S
20240229;102359;3135;3;9725780221;S
20240229;102421;3136;6;9725785658;S
20240229;102421;3136;5;9725785659;S
20240229;102422;3137;1;9725785755;B
20240229;102425;3137;9;9725787097;B
20240229;102425;3137.5;5;9725787098;B
20240229;102425;3137.5;5;9725787099;B
20240229;102425;3138;8;9725787100;B
20240229;102425;3138.5;96;9725787101;B
20240229;102425;3139;25;9725787102;B
20240229;102425;3139;100;9725787103;B
20240229;102425;3139;15;9725787104;B
20240229;102425;3139;30;9725787105;B
20240229;102425;3139.5;78;9725787106;B
20240229;102426;3138;4;9725787197;S
20240229;102441;3138;4;9725791157;S
20240229;102441;3138;5;9725791158;S
20240229;102448;3138;4;9725791858;S
20240229;102448;3137.5;6;9725791859;S
20240229;102500;3138;1;9725795815;S
20240229;102506;3140;1;9725797202;B
20240229;102545;3139.5;1;9725804033;B
20240229;102545;3137.5;2;9725804047;S
20240229;102552;3139.5;4;9725804780;B
20240229;102552;3139.5;4;9725804781;B
20240229;102621;3137.5;1;9725807512;S
20240229;102621;3137.5;2;9725807513;S
20240229;102627;3140;2;9725808318;B
20240229;102630;3137.5;3;9725808845;S
20240229;102634;3137.5;4;9725809466;S
20240229;102634;3137.5;6;9725809467;S
20240229;102649;3137;3;9725810978;S
20240229;102654;3138;6;9725811496;B
20240229;102654;3139;1;9725811497;B
20240229;102654;3139;3;9725811498;B
20240229;102655;3139;2;9725811519;B
20240229;102655;3139;5;9725811520;B
20240229;102655;3139.5;3;9725811521;B
20240229;102658;3140;5;9725811775;B
20240229;102658;3140;1;9725811776;B
20240229;102658;3140;3;9725811777;B
20240229;102658;3140;1;9725811778;S
20240229;102700;3140;9;9725812020;S
20240229;102702;3140;1;9725812220;S
20240229;102721;3140.5;1;9725813799;B
20240229;102743;3140;1;9725816097;B
20240229;102749;3139.5;9;9725816742;B
20240229;102752;3139.5;1;9725816939;B
20240229;102754;3140;3;9725817124;B
20240229;102756;3140;1;9725817316;B
20240229;102758;3140;1;9725817422;B
20240229;102807;3140;5;9725818306;B
20240229;102807;3140;4;9725818307;B
20240229;102807;3140;10;9725818308;B
20240229;102807;3140;13;9725818309;B
20240229;102809;3140;2;9725818552;S
20240229;102809;3140.5;5;9725818576;B
20240229;102810;3140.5;10;9725818619;B
20240229;102811;3140.5;1;9725818726;B
20240229;102815;3140.5;1;9725819121;B
20240229;102826;3140.5;1;9725820349;B
20240229;102826;3140;46;9725820390;S
20240229;102826;3140;1;9725820391;S
20240229;102832;3140;3;9725820929;B
20240229;102832;3140;4;9725820930;B
20240229;102833;3140;10;9725820959;S
20240229;102833;3140.5;1;9725821011;B
20240229;102833;3140.5;10;9725821012;B
20240229;102833;3141;19;9725821013;B
20240229;102833;3141.5;20;9725821014;B
20240229;102833;3141.5;4;9725821015;B
20240229;102833;3142;10;9725821016;B
20240229;102833;3142.5;10;9725821017;B
20240229;102833;3143.5;30;9725821018;B
20240229;102833;3143.5;46;9725821019;B
20240229;102833;3144;400;9725821020;B
20240229;102833;3144.5;1;9725821021;B
20240229;102833;3144.5;1;9725821022;B
20240229;102833;3144.5;2;9725821023;B
20240229;102833;3144.5;10;9725821024;B
20240229;102833;3144.5;40;9725821025;B
20240229;102833;3144.5;79;9725821026;B
20240229;102833;3145;3;9725821027;B
20240229;102833;3145;10;9725821028;B
20240229;102833;3145;304;9725821029;B
20240229;102833;3143;18;9725821030;S
20240229;102833;3142.5;4;9725821031;S
20240229;102833;3142.5;5;9725821032;S
20240229;102846;3142;4;9725822470;S
20240229;102847;3142;1;9725822475;S
20240229;102849;3143.5;44;9725822710;B
20240229;102849;3144;4;9725822711;B
20240229;102849;3144;17;9725822712;B
20240229;102849;3144;2;9725822713;B
20240229;102849;3145;260;9725822714;B
20240229;102850;3144.5;1;9725822744;B
20240229;102850;3144.5;6;9725822745;B
20240229;102851;3144.5;72;9725822897;B
20240229;102851;3145;156;9725822898;B
20240229;102851;3145;15;9725822899;B
20240229;102851;3145;5;9725822900;B
20240229;102851;3145;50;9725822901;B
20240229;102851;3145;100;9725822902;B
20240229;102851;3145;2;9725822903;B
20240229;102851;3145;100;9725822904;B
20240229;102851;3144.5;1;9725822958;B
20240229;102857;3144.5;1;9725823475;B
20240229;102858;3144;4;9725823750;S
20240229;102901;3144.5;1;9725824100;B
20240229;102914;3144;7;9725825509;S
20240229;102923;3144;4;9725826548;S
20240229;102923;3144.5;1;9725826561;B
20240229;102924;3144;1;9725826647;S
20240229;102933;3144;1;9725827685;S
20240229;102937;3144.5;9;9725828058;B
20240229;102937;3145;91;9725828059;B
20240229;102939;3144.5;50;9725828224;B
20240229;102939;3144.5;5;9725828225;B
20240229;102939;3144.5;10;9725828226;B
20240229;102939;3145;9;9725828227;B
20240229;102939;3145;10;9725828228;B
20240229;102939;3145;16;9725828229;B
20240229;102939;3145;13;9725828230;B
20240229;102941;3144.5;1;9725828444;S
20240229;102948;3145;10;9725829308;B
20240229;102950;3144.5;40;9725829449;S
20240229;102950;3144.5;5;9725829450;S
20240229;102950;3144;20;9725829451;S
20240229;102950;3144;5;9725829452;S
20240229;103002;3144;1;9725831170;B
20240229;103003;3144;8;9725831196;S
20240229;103003;3143;12;9725831197;S
20240229;103008;3144.5;1;9725831835;B
20240229;103008;3144.5;5;9725831836;B
20240229;103008;3144.5;4;9725831837;B
20240229;103009;3144.5;1;9725831928;B
20240229;103010;3142.5;1;9725831945;S
20240229;103010;3142.5;19;9725831946;S
20240229;103019;3144;1;9725832885;B
20240229;103019;3144.5;5;9725832886;B
20240229;103019;3144.5;4;9725832887;B
20240229;103020;3145;10;9725833043;B
20240229;103021;3145;1;9725833068;B
20240229;103021;3145;9;9725833069;B
20240229;103025;3145;1;9725833400;B
20240229;103025;3145;2;9725833401;B
20240229;103025;3145;7;9725833402;B
20240229;103030;3145.5;3;9725833829;S
20240229;103030;3146;1;9725833832;B
20240229;103030;3146;1;9725833897;B
20240229;103031;3146;1;9725833937;B
20240229;103031;3145.5;2;9725833972;S
20240229;103033;3144.5;1;9725834235;S
20240229;103044;3143.5;21;9725835323;S
20240229;103044;3143.5;25;9725835324;S
20240229;103051;3142.5;1;9725835997;S
20240229;103105;3143;1;9725837645;S
20240229;103109;3142.5;1;9725838072;S
20240229;103111;3143;10;9725838401;B
20240229;103118;3143;15;9725839472;B
20240229;103119;3142.5;1;9725839598;S
20240229;103119;3142.5;3;9725839618;S
20240229;103119;3142.5;1;9725839633;S
20240229;103119;3142.5;3;9725839649;S
20240229;103121;3142.5;5;9725839765;S
20240229;103122;3143;1;9725839852;B
20240229;103131;3143;1;9725840855;B
20240229;103138;3142.5;6;9725841420;S
20240229;103139;3143;3;9725841566;B
20240229;103139;3143;2;9725841567;B
20240229;103139;3144;2;9725841568;B
20240229;103139;3144;1;9725841569;B
20240229;103148;3143;5;9725842271;S
20240229;103151;3144;1;9725842697;B
20240229;103153;3144;1;9725842916;B
20240229;103154;3144;1;9725842956;B
20240229;103154;3144.5;1;9725843027;B
20240229;103156;3144.5;1;9725843182;B
20240229;103224;3143;16;9725847098;S
20240229;103224;3143;1;9725847130;B
20240229;103232;3142.5;20;9725848057;S
20240229;103244;3142.5;1;9725849649;S
20240229;103246;3143.5;45;9725849794;B
20240229;103246;3143.5;4;9725849795;B
20240229;103246;3144;32;9725849796;B
20240229;103246;3144;1;9725849797;B
20240229;103246;3144.5;23;9725849798;B
20240229;103246;3144.5;14;9725849799;B
20240229;103246;3144.5;10;9725849800;B
20240229;103246;3144.5;2;9725849801;B
20240229;103246;3144.5;38;9725849802;B
20240229;103246;3144.5;2;9725849803;B
20240229;103250;3144.5;1;9725850599;B
20240229;103255;3145;1;9725851563;B
20240229;103255;3145;4;9725851564;B
20240229;103308;3146;5;9725853100;B
20240229;103308;3146.5;2;9725853101;B
20240229;103320;3143.5;10;9725854194;S
20240229;103327;3144;2;9725855147;S
20240229;103332;3144.5;1;9725855598;B
20240229;103335;3143;3;9725855802;S
20240229;103338;3144.5;32;9725856229;B
20240229;103338;3145;4;9725856230;B
20240229;103338;3145;5;9725856231;B
20240229;103338;3146;25;9725856232;B
20240229;103338;3146.5;7;9725856233;B
20240229;103338;3147;2;9725856234;B
20240229;103338;3147;11;9725856235;B
20240229;103338;3147;2;9725856236;B
20240229;103338;3147;12;9725856237;B
20240229;103339;3144;7;9725856280;S
20240229;103340;3144;1;9725856675;B
20240229;103341;3143.5;1;9725856753;S
20240229;103355;3144;10;9725858572;B
20240229;103410;3144;2;9725860049;B
20240229;103412;3144;117;9725860199;B
20240229;103430;3144.5;1;9725861994;S
20240229;103436;3145;5;9725862580;B
20240229;103443;3145.5;4;9725863374;B
20240229;103443;3145.5;7;9725863375;B
20240229;103500;3145;2;9725865283;B
20240229;103500;3145.5;30;9725865284;B
20240229;103500;3146;3;9725865285;B
20240229;103500;3146;7;9725865286;B
20240229;103500;3146;4;9725865287;B
20240229;103505;3146;1;9725865812;S
20240229;103516;3147;1;9725866780;B
20240229;103517;3146;10;9725866899;S
20240229;103531;3147;12;9725868212;B
20240229;103531;3147;4;9725868213;B
20240229;103531;3147.5;1;9725868214;B
20240229;103531;3147.5;25;9725868215;B
20240229;103531;3147.5;32;9725868216;B
20240229;103531;3148;12;9725868217;B
20240229;103531;3148;3;9725868218;B
20240229;103531;3148;2;9725868219;B
20240229;103531;3148;1;9725868220;B
20240229;103531;3148;2;9725868221;B
20240229;103531;3148;1;9725868222;B
20240229;103531;3148;5;9725868223;B
20240229;103538;3147;18;9725868856;B
20240229;103538;3147;4;9725868857;B
20240229;103538;3147.5;25;9725868858;B
20240229;103538;3147.5;32;9725868859;B
20240229;103538;3148;124;9725868860;B
20240229;103538;3148;6;9725868861;B
20240229;103538;3148;10;9725868862;B
20240229;103538;3148;10;9725868863;S
20240229;103538;3148;30;9725868865;S
20240229;103539;3148.5;3;9725868948;B
20240229;103540;3148.5;25;9725869056;B
20240229;103543;3148;1;9725869444;S
20240229;103543;3148.5;1;9725869456;B
20240229;103546;3148;1;9725869798;S
20240229;103547;3148.5;1;9725869927;B
20240229;103549;3148;1;9725870139;S
20240229;103551;3148.5;1;9725870344;B
20240229;103554;3148.5;5;9725870867;B
20240229;103554;3148.5;44;9725870880;B
20240229;103554;3148.5;4;9725870881;B
20240229;103554;3149;2;9725870882;B
20240229;103554;3149;36;9725870883;B
20240229;103554;3149.5;1;9725870884;B
20240229;103554;3149.5;1;9725870885;B
20240229;103554;3149.5;1;9725870886;B
20240229;103554;3149.5;1;9725870887;B
20240229;103554;3149.5;25;9725870888;B
20240229;103554;3149.5;10;9725870889;B
20240229;103554;3150;25;9725870890;B
20240229;103554;3150;5;9725870891;B
20240229;103554;3150;1;9725870892;B
20240229;103554;3150;20;9725870893;B
20240229;103554;3150;1;9725870894;B
20240229;103554;3150;1;9725870895;B
20240229;103554;3150;100;9725870896;B
20240229;103554;3150;1;9725870897;B
20240229;103554;3150;10;9725870898;B
20240229;103554;3150;1;9725870899;B
20240229;103554;3150;2;9725870900;B
20240229;103554;3150;1;9725870901;B
20240229;103554;3150;2;9725870902;B
20240229;103554;3150;52;9725870903;B
20240229;103554;3150;2;9725870904;B
20240229;103554;3150;25;9725870905;B
20240229;103554;3150;2;9725870906;B
20240229;103554;3150;3;9725870907;B
20240229;103554;3150;1;9725870908;B
20240229;103554;3150;20;9725870909;B
20240229;103555;3149;5;9725870938;S
20240229;103556;3149.5;18;9725871091;B
20240229;103556;3150;22;9725871092;B
20240229;103601;3149.5;2;9725871800;S
20240229;103607;3149.5;18;9725872712;B
20240229;103607;3149.5;4;9725872713;B
20240229;103607;3150;8;9725872714;B
20240229;103607;3150;20;9725872715;B
20240229;103607;3150;1;9725872716;B
20240229;103607;3150;3;9725872717;B
20240229;103607;3150;5;9725872718;B
20240229;103607;3150;5;9725872719;B
20240229;103607;3150;1;9725872720;B
20240229;103607;3150.5;1;9725872721;B
20240229;103607;3150.5;2;9725872722;B
20240229;103607;3150.5;2;9725872723;B
20240229;103607;3150.5;40;9725872724;B
20240229;103607;3150.5;10;9725872725;B
20240229;103607;3150.5;18;9725872726;B
20240229;103607;3151;21;9725872727;B
20240229;103607;3151;4;9725872748;B
20240229;103607;3151;1;9725872749;B
20240229;103608;3150.5;11;9725872800;B
20240229;103614;3149.5;10;9725873536;S
20240229;103614;3150.5;1;9725873547;B
20240229;103614;3150.5;4;9725873548;B
20240229;103614;3151;25;9725873549;B
20240229;103614;3151;18;9725873550;B
20240229;103614;3151;50;9725873551;B
20240229;103614;3151;79;9725873552;B
20240229;103614;3151;40;9725873553;S
20240229;103617;3151.5;2;9725873964;B
20240229;103617;3151.5;2;9725873965;B
20240229;103622;3151;1;9725874793;S
20240229;103626;3151;100;9725875506;S
20240229;103629;3151;1;9725875959;S
20240229;103630;3151.5;1;9725876017;B
20240229;103630;3151.5;3;9725876018;B
20240229;103630;3151.5;5;9725876019;B
20240229;103630;3151.5;4;9725876020;B
20240229;103630;3151.5;32;9725876021;B
20240229;103630;3151.5;16;9725876022;B
20240229;103630;3152;39;9725876023;B
20240229;103631;3151;1;9725876259;S
20240229;103636;3151;1;9725877596;S
20240229;103638;3151;1;9725878051;S
20240229;103640;3151.5;4;9725878485;B
20240229;103641;3151.5;10;9725878603;B
20240229;103644;3151;2;9725878911;S
20240229;103648;3151.5;2;9725879270;B
20240229;103648;3151;3;9725879324;S
20240229;103649;3151;1;9725879387;S
20240229;103654;3151.5;16;9725879885;B
20240229;103654;3151.5;12;9725879886;B
20240229;103655;3151.5;5;9725879989;B
20240229;103655;3151.5;25;9725879990;B
20240229;103658;3151.5;40;9725880292;B
20240229;103658;3151.5;5;9725880293;B
20240229;103658;3152;37;9725880294;B
20240229;103658;3152;40;9725880295;B
20240229;103658;3152;10;9725880296;B
20240229;103658;3152;10;9725880297;B
20240229;103658;3152;1;9725880298;B
20240229;103658;3152;6;9725880299;B
20240229;103658;3152;2;9725880300;B
20240229;103658;3152;1;9725880301;B
20240229;103658;3152;30;9725880302;B
20240229;103658;3152;1;9725880303;B
20240229;103658;3152.5;1;9725880304;B
20240229;103658;3152.5;1;9725880305;B
20240229;103658;3152.5;79;9725880306;B
20240229;103658;3152.5;50;9725880307;S
20240229;103658;3152.5;40;9725880308;S
20240229;103658;3152.5;10;9725880309;S
20240229;103703;3153;1;9725880853;B
20240229;103703;3153;1;9725880854;B
20240229;103703;3153;1;9725880855;B
20240229;103703;3153;1;9725880856;B
20240229;103703;3153;1;9725880857;B
20240229;103703;3153;5;9725880858;B
20240229;103704;3153;2;9725880907;B
20240229;103704;3153;2;9725880915;B
20240229;103704;3153;10;9725880959;B
20240229;103705;3153;2;9725880988;B
20240229;103706;3153;2;9725881085;B
20240229;103709;3153;2;9725881336;B
20240229;103709;3153;1;9725881337;B
20240229;103709;3153;5;9725881338;B
20240229;103709;3153.5;2;9725881339;B
20240229;103709;3153.5;42;9725881340;B
20240229;103709;3154;1;9725881341;B
20240229;103709;3154;1;9725881342;B
20240229;103709;3154;75;9725881343;B
20240229;103709;3154;79;9725881344;B
20240229;103709;3154.5;2;9725881345;B
20240229;103709;3154.5;1;9725881346;B
20240229;103709;3154.5;25;9725881347;B
20240229;103709;3154.5;35;9725881348;B
20240229;103715;3154.5;1;9725881981;S
20240229;103715;3154.5;4;9725881982;S
20240229;103716;3153.5;3;9725882067;S
20240229;103723;3154.5;2;9725882757;B
20240229;103725;3154;20;9725883013;S
20240229;103726;3153.5;5;9725883050;S
20240229;103726;3155;2;9725883061;B
20240229;103726;3155;1;9725883062;B
20240229;103726;3155;1;9725883063;B
20240229;103726;3155;10;9725883064;B
20240229;103726;3155;1;9725883065;B
20240229;103726;3155;2;9725883066;B
20240229;103726;3155;33;9725883067;B
20240229;103726;3155;5;9725883084;B
20240229;103727;3155;12;9725883199;B
20240229;103727;3155;2;9725883200;B
20240229;103727;3155;10;9725883201;B
20240229;103727;3155;15;9725883202;B
20240229;103727;3155;10;9725883203;B
20240229;103727;3155;1;9725883204;B
20240229;103727;3155;42;9725883205;B
20240229;103727;3155;8;9725883206;B
20240229;103730;3154.5;3;9725883531;S
20240229;103730;3154.5;2;9725883532;S
20240229;103730;3154.5;1;9725883533;B
20240229;103731;3154.5;4;9725883577;B
20240229;103731;3155;1;9725883578;B
20240229;103732;3154.5;9;9725883689;B
20240229;103732;3155;25;9725883690;B
20240229;103732;3155;25;9725883691;B
20240229;103732;3155;39;9725883692;B
20240229;103732;3155;1;9725883704;B
20240229;103732;3154;1;9725883753;S
20240229;103733;3154.5;10;9725883825;S
20240229;103735;3155;10;9725883941;B
20240229;103735;3155;5;9725883942;B
20240229;103735;3155;27;9725883943;B
20240229;103735;3155.5;1;9725883955;B
20240229;103735;3155;6;9725884015;S
20240229;103737;3155.5;1;9725884178;B
20240229;103738;3155;40;9725884324;S
20240229;103739;3155;59;9725884396;S
20240229;103740;3155;1;9725884492;S
20240229;103741;3155.5;1;9725884557;B
20240229;103742;3155.5;2;9725884622;B
20240229;103744;3155.5;1;9725884778;B
20240229;103744;3155.5;3;9725884846;B
20240229;103748;3155;7;9725885195;S
20240229;103748;3155;34;9725885196;S
20240229;103748;3155;51;9725885197;S
20240229;103748;3155.5;10;9725885259;B
20240229;103748;3155;5;9725885281;S
20240229;103748;3155.5;27;9725885287;B
20240229;103749;3155.5;144;9725885297;B
20240229;103749;3155.5;1;9725885333;B
20240229;103752;3155.5;23;9725885622;B
20240229;103753;3155.5;2;9725885723;B
20240229;103753;3155.5;35;9725885731;B
20240229;103753;3155.5;12;9725885732;B
20240229;103753;3155.5;1;9725885747;B
20240229;103755;3155;144;9725885880;S
20240229;103755;3155;28;9725885881;S
20240229;103755;3155;11;9725885882;S
20240229;103756;3155.5;5;9725885967;B
20240229;103757;3155.5;5;9725886004;B
20240229;103757;3155;16;9725886077;S
20240229;103759;3155.5;1;9725886218;B
20240229;103800;3155.5;6;9725886381;B
20240229;103800;3155.5;1;9725886382;B
20240229;103800;3155.5;2;9725886383;B
20240229;103803;3155.5;10;9725886659;B
20240229;103804;3155.5;1;9725886701;B
20240229;103806;3155.5;1;9725887007;B
20240229;103808;3155.5;1;9725887164;B
20240229;103808;3155.5;5;9725887220;B
20240229;103808;3155;5;9725887224;S
20240229;103809;3155;30;9725887271;S
20240229;103810;3155;188;9725887339;S
20240229;103810;3155;1;9725887340;S
20240229;103810;3155;17;9725887341;S
20240229;103810;3155;3;9725887342;S
20240229;103810;3154.5;240;9725887343;S
20240229;103810;3154.5;27;9725887344;S
20240229;103810;3154.5;6;9725887345;S
20240229;103810;3154.5;1;9725887350;B
20240229;103810;3154.5;1;9725887357;B
20240229;103811;3153;3;9725887454;S
20240229;103811;3154.5;10;9725887496;B
20240229;103818;3154.5;1;9725888220;B
20240229;103823;3153;1;9725888660;S
20240229;103824;3153;26;9725888870;S
20240229;103824;3153;14;9725888871;S
20240229;103844;3153;1;9725891032;S
20240229;103845;3153;50;9725891115;S
20240229;103848;3153;2;9725891305;S
20240229;103855;3153;73;9725891892;S
20240229;103855;3153;10;9725891893;S
20240229;103856;3153;9;9725891994;B
20240229;103857;3153;1;9725892102;B
20240229;103857;3152.5;5;9725892113;S
20240229;103900;3153;1;9725892479;B
20240229;103904;3153;2;9725893038;B
20240229;103905;3153;4;9725893113;B
20240229;103905;3153;2;9725893114;B
20240229;103908;3153;8;9725893439;B
20240229;103908;3153;1;9725893440;B
20240229;103908;3153.5;6;9725893441;B
20240229;103908;3154;2;9725893442;B
20240229;103908;3154;4;9725893443;B
20240229;103921;3153.5;1;9725895113;B
20240229;103924;3153.5;31;9725895525;B
20240229;103924;3153.5;6;9725895526;B
20240229;103927;3153.5;1;9725896073;B
20240229;103932;3153;1;9725896750;S
20240229;103932;3152.5;18;9725896751;S
20240229;103932;3152.5;21;9725896752;S
20240229;103935;3153.5;26;9725897074;B
20240229;103935;3153.5;6;9725897075;B
20240229;103946;3153.5;3;9725898139;B
20240229;103946;3153.5;6;9725898140;B
20240229;103947;3153.5;1;9725898226;S
20240229;103947;3154;16;9725898239;B
20240229;103947;3154;22;9725898240;B
20240229;103947;3154;4;9725898241;B
20240229;103957;3152.5;59;9725899344;S
20240229;104004;3154;4;9725900029;B
20240229;104004;3154;1;9725900030;B
20240229;104010;3154;11;9725900618;B
20240229;104014;3153.5;1;9725901080;S
20240229;104019;3153.5;13;9725901749;S
20240229;104026;3154;1;9725902599;B
20240229;104034;3154;26;9725903600;B
20240229;104034;3154;6;9725903601;B
20240229;104034;3154.5;50;9725903602;B
20240229;104034;3154.5;25;9725903603;B
20240229;104034;3154.5;6;9725903604;B
20240229;104034;3155;10;9725903605;B
20240229;104034;3155;126;9725903606;B
20240229;104042;3154;1;9725904592;B
20240229;104104;3152.5;1;9725907074;S
20240229;104116;3153.5;6;9725908510;B
20240229;104116;3153.5;2;9725908511;B
20240229;104121;3153.5;1;9725908938;B
20240229;104121;3154;1;9725908947;B
20240229;104127;3152.5;1;9725909524;S
20240229;104150;3152.5;1;9725912124;S
20240229;104151;3152.5;100;9725912214;S
20240229;104151;3153;1;9725912252;B
20240229;104152;3152.5;1;9725912308;S
20240229;104152;3152.5;78;9725912355;S
20240229;104152;3152.5;15;9725912356;S
20240229;104152;3152.5;7;9725912357;S
20240229;104156;3152.5;15;9725912760;S
20240229;104157;3152.5;5;9725912831;S
20240229;104157;3152.5;10;9725912858;S
20240229;104157;3152.5;1;9725912948;S
20240229;104200;3152.5;50;9725913329;S
20240229;104200;3152.5;10;9725913391;S
20240229;104206;3152.5;1;9725913913;S
20240229;104206;3152.5;1;9725913960;S
20240229;104209;3152.5;1;9725914351;S
20240229;104212;3152.5;10;9725914823;S
20240229;104213;3152.5;3;9725914935;S
20240229;104214;3153;4;9725915060;B
20240229;104219;3152.5;100;9725915708;S
20240229;104220;3152.5;10;9725915806;S
20240229;104223;3152.5;2;9725916093;S
20240229;104223;3153;1;9725916128;B
20240229;104224;3152.5;5;9725916162;S
20240229;104224;3152.5;2;9725916218;S
20240229;104225;3152.5;2;9725916324;S
20240229;104227;3152.5;10;9725916506;S
20240229;104232;3152.5;1;9725917133;S
20240229;104232;3152.5;1;9725917143;S
20240229;104232;3152.5;1;9725917165;S
20240229;104232;3152.5;1;9725917174;S
20240229;104232;3152.5;1;9725917175;S
20240229;104232;3152.5;1;9725917178;S
20240229;104234;3152.5;1;9725917339;S
20240229;104234;3152.5;91;9725917343;S
20240229;104236;3151.5;5;9725917548;S
20240229;104238;3149.5;2;9725917736;S
20240229;104241;3149.5;1;9725918173;S
20240229;104244;3149.5;1;9725918408;S
20240229;104245;3151;1;9725918592;B
20240229;104247;3149.5;1;9725918837;S
20240229;104253;3149.5;1;9725919384;S
20240229;104300;3149.5;1;9725920117;S
20240229;104318;3149.5;5;9725922080;S
20240229;104320;3149.5;25;9725922327;S
20240229;104320;3149.5;3;9725922328;S
20240229;104320;3149;5;9725922329;S
20240229;104320;3149;7;9725922330;S
20240229;104320;3149;35;9725922331;S
20240229;104320;3149;1;9725922332;S
20240229;104320;3148;21;9725922333;S
20240229;104321;3150;2;9725922413;B
20240229;104321;3150;1;9725922414;B
20240229;104321;3150;2;9725922415;B
20240229;104321;3150;5;9725922416;B
20240229;104321;3150;7;9725922417;B
20240229;104323;3150;3;9725922576;S
20240229;104323;3149;3;9725922577;S
20240229;104328;3150;1;9725923154;B
20240229;104333;3149;1;9725923670;S
20240229;104337;3149;1;9725924230;S
20240229;104345;3150;2;9725925411;B
20240229;104355;3150;3;9725926508;B
20240229;104355;3150.5;17;9725926509;B
20240229;104400;3152;2;9725927083;B
20240229;104400;3152;2;9725927084;B
20240229;104400;3152;107;9725927085;B
20240229;104400;3152;6;9725927086;B
20240229;104400;3152.5;12;9725927087;B
20240229;104400;3152.5;21;9725927088;B
20240229;104405;3150;5;9725927483;S
20240229;104405;3150;6;9725927484;S
20240229;104408;3152;2;9725927812;B
20240229;104408;3152;5;9725927813;B
20240229;104408;3152;6;9725927814;B
20240229;104408;3152.5;37;9725927815;B
20240229;104411;3150.5;6;9725928026;S
20240229;104411;3150.5;3;9725928027;S
20240229;104413;3152.5;1;9725928120;B
20240229;104414;3152.5;1;9725928228;B
20240229;104440;3152;1;9725930753;B
20240229;104500;3152;1;9725932512;B
20240229;104500;3152;9;9725932513;B
20240229;104512;3152;1;9725933747;B
20240229;104514;3151;1;9725933863;S
20240229;104514;3151;34;9725933864;S
20240229;104518;3151;2;9725934353;B
20240229;104520;3151;5;9725934539;B
20240229;104528;3150.5;1;9725935455;S
20240229;104537;3149.5;40;9725936413;S
20240229;104537;3149.5;21;9725936414;S
20240229;104559;3149.5;1;9725938650;S
20240229;104605;3151;1;9725939072;B
20240229;104626;3149.5;78;9725941086;S
20240229;104626;3149.5;34;9725941087;S
20240229;104635;3150.5;1;9725941782;B
20240229;104648;3148.5;3;9725943228;S
20240229;104648;3148.5;76;9725943249;S
20240229;104648;3148.5;6;9725943250;S
20240229;104649;3148;1;9725943292;S
20240229;104658;3148.5;1;9725944044;B
20240229;104658;3148.5;3;9725944103;B
20240229;104659;3148.5;6;9725944141;S
20240229;104659;3148;34;9725944142;S
20240229;104659;3148;36;9725944143;S
20240229;104708;3148;4;9725945226;S
20240229;104712;3150;7;9725945665;B
20240229;104713;3150;40;9725945804;B
20240229;104713;3150;6;9725945805;B
20240229;104713;3150.5;1;9725945806;B
20240229;104713;3150.5;6;9725945807;B
20240229;104713;3151.5;1;9725945808;B
20240229;104713;3151.5;36;9725945809;B
20240229;104720;3151.5;5;9725946332;S
20240229;104722;3151.5;2;9725946481;S
20240229;104723;3152;20;9725946590;B
20240229;104723;3152;1;9725946591;B
20240229;104723;3152;1;9725946592;B
20240229;104723;3152;20;9725946593;B
20240229;104723;3152;6;9725946594;B
20240229;104723;3152.5;108;9725946595;B
20240229;104724;3152.5;20;9725946671;B
20240229;104725;3152;4;9725946738;S
20240229;104727;3152.5;7;9725946909;B
20240229;104727;3152.5;1;9725946910;B
20240229;104727;3152.5;6;9725946911;B
20240229;104727;3153;1;9725946912;B
20240229;104727;3153;4;9725946918;B
20240229;104736;3152;28;9725947837;S
20240229;104739;3152;132;9725948256;B
20240229;104739;3152;6;9725948257;B
20240229;104739;3152;1;9725948258;B
20240229;104739;3153;241;9725948259;B
20240229;104739;3153;2;9725948260;B
20240229;104739;3153;6;9725948261;B
20240229;104739;3153;1;9725948262;B
20240229;104739;3153;1;9725948263;B
20240229;104739;3153;30;9725948264;B
20240229;104739;3153.5;79;9725948265;B
20240229;104739;3154;57;9725948266;B
20240229;104739;3154;4;9725948267;B
20240229;104739;3154;100;9725948268;B
20240229;104739;3154;1;9725948269;B
20240229;104739;3154.5;6;9725948270;B
20240229;104739;3154.5;25;9725948271;B
20240229;104739;3154.5;30;9725948272;B
20240229;104739;3155;70;9725948273;B
20240229;104739;3155;1;9725948274;B
20240229;104739;3155;14;9725948275;B
20240229;104745;3154;1;9725948700;B
20240229;104745;3154.5;6;9725948701;B
20240229;104745;3155;36;9725948702;B
20240229;104745;3155;8;9725948703;B
20240229;104745;3155;6;9725948704;B
20240229;104745;3155;50;9725948705;B
20240229;104745;3155;1;9725948706;B
20240229;104745;3155;30;9725948707;B
20240229;104745;3155;100;9725948708;B
20240229;104745;3155;7;9725948709;B
20240229;104745;3155;79;9725948710;B
20240229;104745;3155.5;1;9725948711;B
20240229;104745;3155.5;8;9725948712;B
20240229;104745;3156;100;9725948713;B
20240229;104745;3156;1;9725948714;B
20240229;104745;3156;200;9725948715;B
20240229;104745;3156;1;9725948716;B
20240229;104745;3156;1;9725948717;B
20240229;104745;3156;1;9725948718;B
20240229;104745;3156;32;9725948719;B
20240229;104745;3156.5;1;9725948720;B
20240229;104745;3156.5;10;9725948721;B
20240229;104745;3156.5;25;9725948722;B
20240229;104745;3156.5;80;9725948723;B
20240229;104745;3156.5;30;9725948724;B
20240229;104745;3157;1;9725948725;B
20240229;104745;3157;1;9725948726;B
20240229;104745;3157;100;9725948727;B
20240229;104745;3157;2;9725948728;B
20240229;104745;3157;25;9725948729;B
20240229;104745;3157;50;9725948730;B
20240229;104745;3157.5;110;9725948731;B
20240229;104745;3157.5;3;9725948732;B
20240229;104745;3157.5;46;9725948733;B
20240229;104745;3158;16;9725948734;B
20240229;104745;3158;1;9725948735;B
20240229;104745;3158;100;9725948736;B
20240229;104745;3158;1;9725948737;B
20240229;104745;3158;1;9725948738;B
20240229;104745;3158;20;9725948739;B
20240229;104745;3158;2;9725948740;B
20240229;104745;3158;30;9725948741;B
20240229;104745;3158;25;9725948742;B
20240229;104745;3158;2;9725948743;B
20240229;104745;3158.5;1;9725948744;B
20240229;104745;3158.5;72;9725948745;B
20240229;104745;3158.5;5;9725948746;B
20240229;104745;3158.5;100;9725948747;B
20240229;104745;3158.5;30;9725948748;B
20240229;104745;3159;1;9725948749;B
20240229;104745;3159;1;9725948750;B
20240229;104745;3159;1;9725948751;B
20240229;104745;3159;2;9725948752;B
20240229;104745;3159;36;9725948753;B
20240229;104745;3154.5;25;9725948754;S
20240229;104745;3154;21;9725948755;S
20240229;104745;3154;4;9725948756;S
20240229;104745;3154;40;9725948757;S
20240229;104745;3154.5;25;9725948758;B
20240229;104745;3154;50;9725948759;S
20240229;104745;3154.5;25;9725948760;B
20240229;104745;3154.5;25;9725948761;B
20240229;104745;3154.5;15;9725948762;B
20240229;104745;3154;2;9725948763;S
20240229;104745;3154;6;9725948764;S
20240229;104745;3154;22;9725948765;B
20240229;104756;3156;20;9725950417;B
20240229;104756;3156;1;9725950418;B
20240229;104756;3156.5;21;9725950419;B
20240229;104756;3157;79;9725950420;B
20240229;104756;3157;30;9725950421;B
20240229;104756;3157.5;20;9725950422;B
20240229;104810;3156.5;1;9725951684;B
20240229;104811;3156.5;7;9725951814;S
20240229;104813;3156.5;42;9725951898;S
20240229;104813;3156;6;9725951899;S
20240229;104813;3155.5;82;9725951900;S
20240229;104815;3155.5;1;9725952222;S
20240229;104818;3155.5;4;9725952617;B
20240229;104818;3155.5;1;9725952618;B
20240229;104822;3156.5;5;9725953126;S
20240229;104822;3155.5;33;9725953127;S
20240229;104822;3155;21;9725953128;S
20240229;104822;3155;51;9725953129;S
20240229;104822;3154.5;100;9725953130;S
20240229;104822;3154.5;25;9725953131;S
20240229;104822;3153.5;8;9725953132;S
20240229;104822;3153;12;9725953133;S
20240229;104822;3153;16;9725953134;S
20240229;104830;3153.5;1;9725953894;S
20240229;104830;3153.5;1;9725953895;S
20240229;104846;3155;5;9725955329;B
20240229;104846;3155;2;9725955330;B
20240229;104858;3154.5;6;9725956375;S
20240229;104859;3154.5;1;9725956412;B
20240229;104927;3154;1;9725958702;B
20240229;104944;3154.5;23;9725960181;B
20240229;104946;3154;2;9725960388;B
20240229;104950;3154;2;9725960719;B
20240229;104956;3155;3;9725961333;B
20240229;104956;3155;2;9725961334;B
20240229;104956;3155;1;9725961335;B
20240229;104956;3155;6;9725961336;B
20240229;105005;3155.5;2;9725962133;B
20240229;105008;3155.5;1;9725962331;B
20240229;105008;3155;18;9725962359;S
20240229;105014;3155;10;9725963104;S
20240229;105018;3155;12;9725963484;S
20240229;105024;3155;10;9725964054;S
20240229;105024;3155;10;9725964055;S
20240229;105026;3155.5;7;9725964303;B
20240229;105026;3155.5;2;9725964304;B
20240229;105026;3155.5;17;9725964305;B
20240229;105026;3155.5;6;9725964306;B
20240229;105047;3154.5;25;9725966437;B
20240229;105047;3154.5;6;9725966438;B
20240229;105047;3154.5;25;9725966439;B
20240229;105047;3154.5;3;9725966440;B
20240229;105047;3154.5;1;9725966441;B
20240229;105047;3155;342;9725966442;B
20240229;105047;3154.5;25;9725966443;B
20240229;105047;3155;399;9725966444;B
20240229;105047;3155;6;9725966445;B
20240229;105058;3156;1;9725967480;B
20240229;105058;3156;40;9725967481;B
20240229;105058;3157;1;9725967482;B
20240229;105058;3157;4;9725967483;B
20240229;105058;3157;6;9725967484;B
20240229;105058;3157.5;5;9725967485;B
20240229;105102;3157;40;9725967834;B
20240229;105102;3157.5;25;9725967835;B
20240229;105102;3157.5;5;9725967836;B
20240229;105102;3157.5;5;9725967837;B
20240229;105102;3157.5;6;9725967838;B
20240229;105102;3157.5;25;9725967839;B
20240229;105102;3158;100;9725967840;B
20240229;105102;3158;132;9725967841;B
20240229;105102;3158;12;9725967842;S
20240229;105102;3156.5;8;9725967843;S
20240229;105110;3158.5;1;9725968530;B
20240229;105111;3157;1;9725968628;S
20240229;105138;3157.5;2;9725971044;S
20240229;105139;3158;1;9725971167;B
20240229;105139;3158;1;9725971168;B
20240229;105149;3158;1;9725971901;B
20240229;105150;3157.5;10;9725971978;S
20240229;105153;3157.5;5;9725972272;S
20240229;105155;3157.5;10;9725972576;S
20240229;105155;3157.5;10;9725972645;S
20240229;105155;3157.5;13;9725972708;S
20240229;105155;3157;1;9725972709;S
20240229;105156;3156;1;9725972940;S
20240229;105156;3156;1;9725972974;S
20240229;105156;3155;38;9725973343;S
20240229;105156;3155;1;9725973432;S
20240229;105156;3155;10;9725973517;S
20240229;105202;3156;1;9725974576;B
20240229;105205;3156;1;9725974902;B
20240229;105213;3156;1;9725975643;B
20240229;105214;3156;1;9725975667;B
20240229;105216;3156;1;9725975927;B
20240229;105221;3156;3;9725976370;B
20240229;105221;3156;3;9725976399;B
20240229;105222;3156;1;9725976496;B
20240229;105231;3155;1;9725977263;S
20240229;105248;3155;2;9725979339;S
20240229;105252;3155.5;1;9725979763;B
20240229;105253;3155.5;1;9725979857;B
20240229;105302;3156;10;9725980777;B
20240229;105302;3156;5;9725980778;B
20240229;105302;3156;10;9725980779;B
20240229;105302;3156;1;9725980780;B
20240229;105302;3156;6;9725980781;B
20240229;105302;3156.5;5;9725980782;B
20240229;105302;3157;8;9725980783;B
20240229;105302;3157;2;9725980784;B
20240229;105302;3157.5;3;9725980785;B
20240229;105320;3155.5;1;9725982295;S
20240229;105350;3155;2;9725985067;S
20240229;105354;3155;17;9725985358;S
20240229;105415;3155;50;9725987458;S
20240229;105419;3156.5;5;9725987685;B
20240229;105419;3156.5;1;9725987686;B
20240229;105419;3156.5;1;9725987687;B
20240229;105425;3155;47;9725988162;S
20240229;105425;3155;5;9725988163;S
20240229;105425;3155;32;9725988164;S
20240229;105425;3155;1;9725988165;B
20240229;105427;3155;1;9725988335;B
20240229;105428;3155;1;9725988434;B
20240229;105430;3154.5;12;9725988549;S
20240229;105436;3154.5;1;9725989226;B
20240229;105438;3152.5;7;9725989401;S
20240229;105441;3152;4;9725989815;S
20240229;105441;3152;3;9725989816;S
20240229;105441;3152;3;9725989853;S
20240229;105441;3152;91;9725989927;S
20240229;105441;3152;25;9725989928;S
20240229;105441;3151.5;3;9725990002;S
20240229;105442;3151.5;1;9725990046;S
20240229;105443;3151;1;9725990158;S
20240229;105446;3151;4;9725990471;S
20240229;105447;3151;1;9725990588;S
20240229;105454;3151;1;9725991442;S
20240229;105459;3151.5;3;9725992137;S
20240229;105503;3151.5;3;9725992571;S
20240229;105503;3151.5;79;9725992572;S
20240229;105503;3151.5;18;9725992573;S
20240229;105504;3151.5;1;9725992627;S
20240229;105504;3151.5;1;9725992665;S
20240229;105505;3151.5;1;9725992805;S
20240229;105507;3151.5;2;9725993123;S
20240229;105507;3151.5;1;9725993251;S
20240229;105509;3151.5;1;9725993449;S
20240229;105509;3151;5;9725993450;S
20240229;105509;3151;29;9725993451;S
20240229;105509;3151;65;9725993452;S
20240229;105516;3151.5;1;9725994237;B
20240229;105530;3152;107;9725995493;B
20240229;105530;3152;5;9725995494;B
20240229;105530;3153;1;9725995495;B
20240229;105530;3153;30;9725995496;B
20240229;105530;3153.5;1;9725995497;B
20240229;105530;3154;8;9725995498;B
20240229;105530;3154;25;9725995499;B
20240229;105530;3154.5;73;9725995500;B
20240229;105601;3154.5;1;9725999149;B
20240229;105602;3152.5;10;9725999209;S
20240229;105609;3152;1;9725999763;S
20240229;105613;3151.5;5;9726000020;S
20240229;105630;3151;1;9726001208;S
20240229;105632;3151.5;1;9726001332;B
20240229;105641;3151.5;6;9726002119;B
20240229;105652;3151.5;2;9726002969;B
20240229;105703;3152;1;9726004053;B
20240229;105709;3153;2;9726004480;B
20240229;105711;3151;28;9726004645;S
20240229;105711;3151;25;9726004646;S
20240229;105711;3151;28;9726004647;S
20240229;105711;3150.5;5;9726004648;S
20240229;105711;3150.5;79;9726004649;S
20240229;105711;3150.5;5;9726004650;S
20240229;105711;3150;2;9726004651;S
20240229;105733;3151;16;9726006412;S
20240229;105738;3151;18;9726006778;S
20240229;105745;3151;3;9726007570;S
20240229;105802;3151;8;9726008974;S
20240229;105822;3151;23;9726010571;S
20240229;105823;3151;28;9726010667;S
20240229;105823;3151;8;9726010668;S
20240229;105823;3150.5;25;9726010669;S
20240229;105823;3150.5;5;9726010670;S
20240229;105823;3150.5;27;9726010671;S
20240229;105823;3150.5;7;9726010672;S
20240229;105830;3152.5;1;9726011505;B
20240229;105831;3150.5;50;9726011568;S
20240229;105835;3150;28;9726012080;S
20240229;105835;3150;1;9726012081;S
20240229;105835;3150;6;9726012082;S
20240229;105836;3150;19;9726012117;S
20240229;105836;3150;1;9726012118;S
20240229;105842;3150;27;9726012889;S
20240229;105842;3150;23;9726012890;S
20240229;105845;3150;39;9726013126;S
20240229;105851;3149;11;9726013733;S
20240229;105851;3149;79;9726013734;S
20240229;105851;3148.5;27;9726013735;S
20240229;105851;3148.5;5;9726013736;S
20240229;105851;3148;2;9726013737;S
20240229;105851;3148;1;9726013738;S
20240229;105851;3148;1;9726013739;S
20240229;105851;3148;2;9726013740;S
20240229;105851;3148;13;9726013741;S
20240229;105851;3147.5;19;9726013742;S
20240229;105852;3147.5;15;9726013831;S
20240229;105852;3147;18;9726013832;S
20240229;105901;3147;3;9726014608;S
20240229;105901;3147;47;9726014609;S
20240229;105903;3148.5;1;9726014821;B
20240229;105908;3147;3;9726015259;S
20240229;105908;3147;2;9726015260;S
20240229;105908;3147;27;9726015261;S
20240229;105908;3147;79;9726015262;S
20240229;105908;3146.5;25;9726015263;S
20240229;105908;3146.5;15;9726015264;S
20240229;105908;3146.5;5;9726015265;S
20240229;105908;3146.5;4;9726015266;S
20240229;105911;3146.5;10;9726015513;S
20240229;105941;3146.5;2;9726017857;S
20240229;105958;3146.5;9;9726019389;S
20240229;105958;3146.5;32;9726019390;S
20240229;105958;3146.5;10;9726019391;S
20240229;105958;3146.5;2;9726019392;S
20240229;110000;3146;2;9726019610;S
20240229;110000;3146;2;9726019611;S
20240229;110000;3146;1;9726019678;S
20240229;110000;3146;2;9726019714;S
20240229;110000;3146;1;9726019789;S
20240229;110004;3146;62;9726020369;S
20240229;110004;3146;32;9726020370;S
20240229;110004;3145.5;6;9726020371;S
20240229;110007;3146;20;9726020797;S
20240229;110011;3146;1;9726021253;S
20240229;110017;3146.5;30;9726022149;B
20240229;110018;3146;6;9726022310;S
20240229;110022;3146.5;1;9726022975;B
20240229;110022;3146.5;1;9726023008;B
20240229;110024;3146;1;9726023162;S
20240229;110026;3146;1;9726023508;S
20240229;110027;3146;1;9726023697;S
20240229;110030;3146.5;1;9726024257;B
20240229;110036;3146;1;9726025792;S
20240229;110041;3146.5;8;9726026608;B
20240229;110042;3146;1;9726026680;S
20240229;110046;3146;21;9726027274;S
20240229;110046;3146;1;9726027275;S
20240229;110046;3145.5;381;9726027276;S
20240229;110046;3145.5;564;9726027277;S
20240229;110046;3145.5;1;9726027278;S
20240229;110046;3145.5;27;9726027279;S
20240229;110046;3145.5;5;9726027280;S
20240229;110047;3146;32;9726027445;S
20240229;110047;3145.5;7;9726027446;S
20240229;110049;3145.5;2;9726027736;S
20240229;110055;3145.5;3;9726030626;S
20240229;110055;3145.5;2;9726030627;S
20240229;110055;3145.5;13;9726030703;S
20240229;110055;3145.5;5;9726030704;S
20240229;110055;3145.5;15;9726030705;S
20240229;110056;3146;1;9726031059;B
20240229;110059;3145.5;5;9726032879;S
20240229;110119;3145.5;2;9726042704;S
20240229;110119;3145.5;3;9726042705;S
20240229;110119;3145.5;24;9726042706;S
20240229;110120;3146;4;9726043350;B
20240229;110120;3146;4;9726043351;B
20240229;110120;3146.5;2;9726043352;B
20240229;110123;3146.5;4;9726044777;B
20240229;110123;3146.5;6;9726044778;B
20240229;110126;3146;5;9726046822;S
20240229;110126;3146;14;9726046823;S
20240229;110128;3146.5;1;9726047815;B
20240229;110129;3146.5;1;9726048042;B
20240229;110130;3146.5;1;9726048921;B
20240229;110130;3147.5;1;9726049081;B
20240229;110131;3147.5;16;9726049598;B
20240229;110131;3147.5;10;9726049599;B
20240229;110131;3148;5;9726049600;B
20240229;110149;3148.5;2;9726058900;B
20240229;110150;3147;1;9726059727;S
20240229;110154;3147.5;2;9726061619;S
20240229;110157;3147;9;9726063502;S
20240229;110159;3148;1;9726064580;B
20240229;110216;3147.5;4;9726074942;S
20240229;110224;3147.5;2;9726080954;S
20240229;110231;3147.5;4;9726086282;S
20240229;110232;3148;80;9726086917;B
20240229;110232;3148;22;9726086918;B
20240229;110232;3148.5;98;9726086920;B
20240229;110232;3148.5;3;9726086921;B
20240229;110235;3149;100;9726089475;B
20240229;110235;3149;100;9726089488;B
20240229;110235;3149;100;9726089489;B
20240229;110235;3149;100;9726089491;B
20240229;110235;3149;100;9726089495;B
20240229;110235;3149;100;9726089530;B
20240229;110235;3149;100;9726089531;B
20240229;110235;3149;13;9726089532;B
20240229;110236;3150;4;9726090270;B
20240229;110236;3150;2;9726090271;B
20240229;110236;3150;23;9726090272;B
20240229;110308;3151.5;2;9726113783;S
20240229;110308;3151;26;9726113784;S
20240229;110308;3151;2;9726113785;S
20240229;110308;3150.5;10;9726113786;S
20240229;110317;3150;1;9726120356;S
20240229;110317;3149.5;8;9726120357;S
20240229;110317;3149.5;2;9726120518;S
20240229;110317;3149.5;9;9726120563;S
20240229;110318;3149.5;2;9726121134;S
20240229;110318;3149.5;8;9726121173;S
20240229;110325;3150.5;1;9726126716;B
20240229;110326;3150.5;1;9726126915;B
20240229;110341;3149.5;5;9726139005;B
20240229;110356;3150;3;9726150074;B
20240229;110358;3149.5;5;9726151831;S
20240229;110358;3149.5;7;9726151832;S
20240229;110413;3150.5;1;9726162533;B
20240229;110413;3150.5;5;9726162534;B
20240229;110413;3151;400;9726162535;B
20240229;110413;3151;5;9726162536;B
20240229;110413;3151.5;25;9726162537;B
20240229;110414;3152.5;5;9726163442;S
20240229;110414;3152;32;9726163443;S
20240229;110414;3152;27;9726163444;S
20240229;110414;3151.5;96;9726163445;S
20240229;110414;3151.5;100;9726163446;S
20240229;110425;3153;1;9726172276;B
20240229;110425;3153;9;9726172277;B
20240229;110431;3152.5;2;9726176830;S
20240229;110436;3153;1;9726180428;B
20240229;110440;3152.5;1;9726183758;B
20240229;110440;3152;32;9726183774;S
20240229;110440;3152;18;9726183775;S
20240229;110449;3152.5;3;9726189851;B
20240229;110457;3153;1;9726195050;B
20240229;110459;3153;1;9726196927;B
20240229;110459;3153;1;9726196928;B
20240229;110501;3153;10;9726198287;B
20240229;110503;3153;3;9726199440;B
20240229;110507;3153;1;9726202258;B
20240229;110508;3153;1;9726203100;B
20240229;110509;3152.5;4;9726203738;S
20240229;110509;3152.5;4;9726203739;S
20240229;110509;3152.5;3;9726203740;S
20240229;110509;3152;27;9726203741;S
20240229;110509;3151.5;68;9726203742;S
20240229;110509;3151.5;44;9726203743;S
20240229;110510;3153;1;9726204110;B
20240229;110513;3151.5;2;9726205945;S
20240229;110520;3151.5;4;9726210485;S
20240229;110531;3152.5;5;9726218454;B
20240229;110532;3152.5;2;9726218960;B
20240229;110533;3152.5;1;9726219424;B
20240229;110533;3152.5;1;9726219443;B
20240229;110552;3152.5;30;9726232231;B
20240229;110602;3152;1;9726239360;S
20240229;110602;3152;1;9726239842;S
20240229;110612;3152;1;9726246690;S
20240229;110619;3152;7;9726251920;S
20240229;110623;3152.5;1;9726255331;B
20240229;110626;3153;2;9726257578;B
20240229;110629;3152.5;1;9726259889;S
20240229;110636;3152.5;1;9726265308;B
20240229;110636;3152.5;2;9726265309;B
20240229;110636;3153;6;9726265310;B
20240229;110636;3153;10;9726265311;B
20240229;110636;3153;1;9726265312;B
20240229;110636;3153.5;10;9726265313;B
20240229;110636;3154;1;9726265314;B
20240229;110636;3154.5;6;9726265315;B
20240229;110636;3154.5;1;9726265316;B
20240229;110636;3154.5;5;9726265317;B
20240229;110636;3154.5;1;9726265318;B
20240229;110636;3154.5;56;9726265319;B
20240229;110646;3152.5;1;9726273318;S
20240229;110655;3153;2;9726280359;B
20240229;110706;3152;9;9726288456;S
20240229;110713;3152;1;9726294048;S
20240229;110713;3152;3;9726294049;S
20240229;110718;3152;1;9726297523;S
20240229;110720;3152;1;9726299379;S
20240229;110725;3151.5;2;9726302850;S
20240229;110725;3151.5;2;9726303233;S
20240229;110725;3151.5;7;9726303282;S
20240229;110725;3152;1;9726303326;B
20240229;110733;3152;2;9726309344;B
20240229;110733;3151.5;4;9726309700;S
20240229;110734;3151.5;1;9726310020;S
20240229;110737;3151.5;1;9726313115;S
20240229;110745;3151.5;1;9726318844;S
20240229;110745;3152;2;9726319470;B
20240229;110747;3152;2;9726321093;B
20240229;110751;3152;1;9726324352;B
20240229;110759;3151.5;1;9726330467;S
20240229;110802;3152;5;9726333977;B
20240229;110804;3151.5;31;9726335030;S
20240229;110804;3151.5;1;9726335031;S
20240229;110804;3151.5;68;9726335032;S
20240229;110807;3152;2;9726337313;B
20240229;110807;3152;2;9726337837;B
20240229;110808;3151.5;1;9726338635;S
20240229;110811;3151.5;16;9726340526;S
20240229;110811;3151.5;15;9726341246;S
20240229;110811;3151.5;85;9726341247;S
20240229;110812;3151.5;10;9726341914;S
20240229;110815;3152;2;9726344123;B
20240229;110820;3152;2;9726348878;B
20240229;110834;3151.5;1;9726359468;S
20240229;110835;3152;2;9726360214;B
20240229;110838;3152;1;9726362527;B
20240229;110842;3151.5;4;9726365113;S
20240229;110843;3152;1;9726366121;B
20240229;110843;3152;3;9726366123;B
20240229;110844;3152;2;9726366902;B
20240229;110846;3151.5;4;9726367859;S
20240229;110858;3151.5;36;9726377004;S
20240229;110903;3151.5;1;9726380606;S
20240229;110903;3152;2;9726381062;B
20240229;110919;3151.5;2;9726390877;S
20240229;110921;3151.5;1;9726392671;S
20240229;110924;3151.5;3;9726394216;S
20240229;110926;3152;1;9726395806;B
20240229;110936;3151.5;9;9726402500;S
20240229;110940;3152;4;9726406131;B
20240229;110944;3151.5;60;9726408863;S
20240229;110944;3151.5;100;9726408864;S
20240229;110948;3151.5;6;9726411763;S
20240229;110952;3152;1;9726414835;B
20240229;110953;3151.5;16;9726415663;S
20240229;110959;3152;9;9726419889;B
20240229;111000;3151.5;25;9726421519;S
20240229;111004;3151.5;6;9726423636;S
20240229;111018;3151.5;18;9726433842;S
20240229;111024;3151.5;3;9726438262;S
20240229;111034;3152;3;9726445888;B
20240229;111036;3152;13;9726447568;B
20240229;111043;3152;1;9726452691;B
20240229;111052;3152;14;9726460114;B
20240229;111058;3151.5;1;9726464059;S
20240229;111058;3151.5;3;9726464388;S
20240229;111059;3152;50;9726464969;B
20240229;111100;3152;1;9726465526;B
20240229;111103;3152;2;9726468050;B
20240229;111105;3152;3;9726469713;B
20240229;111105;3151.5;1;9726469864;S
20240229;111106;3152;19;9726470678;B
20240229;111113;3152;7;9726475829;B
20240229;111114;3152;1;9726476309;B
20240229;111121;3152;1;9726481959;B
20240229;111130;3151.5;5;9726488748;S
20240229;111130;3151.5;6;9726488749;S
20240229;111134;3151.5;4;9726491894;S
20240229;111141;3151.5;10;9726498283;S
20240229;111152;3151.5;6;9726506520;S
20240229;111152;3152;1;9726506641;B
20240229;111152;3152;1;9726506736;B
20240229;111153;3152;1;9726507468;B
20240229;111153;3152;1;9726507494;B
20240229;111153;3152;1;9726507611;B
20240229;111154;3152;1;9726507785;B
20240229;111154;3152;1;9726507813;B
20240229;111154;3152;1;9726508350;B
20240229;111154;3152;1;9726508472;B
20240229;111155;3152;1;9726508508;B
20240229;111155;3152;1;9726508640;B
20240229;111155;3152;1;9726508696;B
20240229;111155;3152;1;9726508812;B
20240229;111155;3152;1;9726509138;B
20240229;111155;3152;1;9726509161;B
20240229;111156;3152;1;9726509276;B
20240229;111156;3152;1;9726509349;B
20240229;111156;3152;1;9726509518;B
20240229;111156;3152;1;9726509535;B
20240229;111156;3152;1;9726509885;B
20240229;111157;3152;1;9726510014;B
20240229;111157;3152;1;9726510089;B
20240229;111157;3152;1;9726510305;B
20240229;111159;3153;1;9726511514;B
20240229;111159;3153;1;9726511694;B
20240229;111159;3153;1;9726511726;B
20240229;111200;3153;1;9726511764;B
20240229;111200;3153;1;9726511790;B
20240229;111203;3152.5;3;9726514133;S
20240229;111205;3153;1;9726515596;B
20240229;111206;3153;1;9726516183;B
20240229;111207;3153.5;1;9726516741;B
20240229;111207;3154;1;9726516827;B
20240229;111207;3154;1;9726516958;B
20240229;111208;3154.5;1;9726516981;B
20240229;111208;3154.5;1;9726517611;B
20240229;111209;3154.5;1;9726517661;B
20240229;111209;3154.5;1;9726517750;B
20240229;111209;3154.5;1;9726517949;B
20240229;111209;3154.5;1;9726518209;B
20240229;111210;3154.5;1;9726518282;B
20240229;111217;3154.5;15;9726522997;B
20240229;111222;3154.5;1;9726526596;B
20240229;111224;3154.5;1;9726527170;B
20240229;111225;3154;15;9726527761;S
20240229;111228;3154.5;5;9726530182;B
20240229;111229;3154;1;9726530666;S
20240229;111231;3154;1;9726532038;S
20240229;111231;3154;1;9726532080;S
20240229;111231;3154;2;9726532152;S
20240229;111231;3154;2;9726532293;S
20240229;111231;3154;12;9726532382;S
20240229;111231;3154;1;9726532481;S
20240229;111231;3154;1;9726532523;S
20240229;111234;3154.5;2;9726534661;B
20240229;111234;3154.5;20;9726534948;B
20240229;111235;3154;1;9726535324;S
20240229;111240;3154;1;9726538428;S
20240229;111245;3154;8;9726541933;S
20240229;111245;3154;1;9726541970;S
20240229;111245;3154;1;9726542514;S
20240229;111257;3154.5;1;9726550258;B
20240229;111258;3154;42;9726551037;S
20240229;111309;3154.5;16;9726558701;B
20240229;111314;3154;10;9726561317;S
20240229;111318;3154;17;9726565498;S
20240229;111327;3154.5;3;9726572447;B
20240229;111329;3154.5;1;9726573458;B
20240229;111331;3154.5;1;9726575711;B
20240229;111331;3154.5;2;9726575794;B
20240229;111333;3154;10;9726576663;S
20240229;111342;3154.5;2;9726583921;B
20240229;111402;3154;2;9726598629;S
20240229;111402;3154;18;9726598630;S
20240229;111402;3154.5;1;9726598744;B
20240229;111411;3154.5;1;9726605188;B
20240229;111412;3154.5;6;9726605684;B
20240229;111415;3154.5;10;9726607882;B
20240229;111417;3154;2;9726609684;S
20240229;111426;3154.5;5;9726617000;B
20240229;111426;3154.5;5;9726617001;B
20240229;111432;3154.5;8;9726622044;B
20240229;111434;3154;1;9726623691;S
20240229;111436;3154.5;31;9726625830;B
20240229;111441;3154;1;9726630083;S
20240229;111443;3154;2;9726631791;S
20240229;111446;3154;51;9726634132;S
20240229;111447;3154.5;2;9726635018;B
20240229;111458;3154.5;19;9726644079;B
20240229;111458;3154.5;6;9726644080;B
20240229;111458;3155;13;9726644081;B
20240229;111458;3155;2;9726644082;B
20240229;111458;3155;50;9726644083;B
20240229;111458;3155;1;9726644084;B
20240229;111458;3155;15;9726644085;B
20240229;111458;3155;1;9726644086;B
20240229;111458;3155;16;9726644087;B
20240229;111458;3155;10;9726644088;B
20240229;111458;3155;35;9726644089;B
20240229;111458;3155;1;9726644090;B
20240229;111458;3155.5;12;9726644091;B
20240229;111529;3155.5;1;9726670308;S
20240229;111534;3155.5;1;9726673988;S
20240229;111537;3156;3;9726676061;B
20240229;111539;3155.5;1;9726677147;S
20240229;111547;3156;5;9726682651;B
20240229;111553;3156;12;9726686948;B
20240229;111553;3156;6;9726686949;B
20240229;111553;3156;12;9726686950;B
20240229;111625;3156;1;9726708552;B
20240229;111634;3156;6;9726715252;B
20240229;111653;3155;15;9726727762;S
20240229;111653;3155;25;9726727763;S
20240229;111708;3156;3;9726738691;B
20240229;111713;3155.5;1;9726742138;S
20240229;111714;3156;100;9726743148;B
20240229;111719;3155.5;1;9726746611;S
20240229;111721;3155.5;1;9726748655;S
20240229;111722;3155.5;5;9726748682;S
20240229;111726;3155.5;1;9726751641;S
20240229;111727;3156;15;9726752691;B
20240229;111728;3156;15;9726753254;B
20240229;111728;3155.5;1;9726753610;S
20240229;111728;3155.5;3;9726753611;S
20240229;111732;3155.5;15;9726756477;S
20240229;111736;3155.5;1;9726759508;S
20240229;111742;3156;1;9726764067;B
20240229;111742;3155.5;1;9726764108;S
20240229;111746;3155;2;9726767603;S
20240229;111748;3156;13;9726768735;B
20240229;111748;3156;11;9726768736;B
20240229;111748;3156;10;9726768737;B
20240229;111748;3156;34;9726768738;B
20240229;111748;3156;6;9726768739;B
20240229;111748;3156;79;9726768740;B
20240229;111748;3156;1;9726768741;B
20240229;111748;3156;1;9726768742;B
20240229;111748;3156;2;9726768743;B
20240229;111748;3156;43;9726768744;B
20240229;111756;3155.5;1;9726774605;B
20240229;111810;3155;1;9726785028;S
20240229;111824;3155.5;1;9726795533;B
20240229;111826;3155.5;13;9726796394;B
20240229;111832;3155.5;1;9726801542;B
20240229;111832;3155.5;2;9726801543;B
20240229;111832;3156;17;9726801544;B
20240229;111832;3156;1;9726801545;B
20240229;111832;3156;6;9726801546;B
20240229;111832;3156;1;9726801547;B
20240229;111832;3156;1;9726801548;B
20240229;111832;3156.5;1;9726801549;B
20240229;111832;3156.5;30;9726801550;B
20240229;111832;3157;66;9726801551;B
20240229;111832;3157;40;9726801552;B
20240229;111832;3157;7;9726801553;B
20240229;111832;3157;4;9726801554;B
20240229;111834;3155.5;6;9726803292;S
20240229;111834;3155.5;32;9726803293;S
20240229;111834;3155;10;9726803294;S
20240229;111834;3155;32;9726803295;S
20240229;111834;3155;10;9726803296;S
20240229;111834;3155;89;9726803297;S
20240229;111834;3154.5;77;9726803298;S
20240229;111840;3156.5;3;9726807302;B
20240229;111942;3156.5;1;9726852365;B
20240229;111951;3156.5;2;9726858260;B
20240229;112011;3156;4;9726870103;S
20240229;112011;3156;79;9726870147;S
20240229;112011;3155.5;1;9726870148;S
20240229;112011;3155.5;20;9726870149;S
20240229;112026;3155.5;13;9726879700;S
20240229;112027;3156;1;9726879971;B
20240229;112028;3155.5;1;9726880943;S
20240229;112035;3155;4;9726885462;S
20240229;112037;3155.5;1;9726887600;B
20240229;112040;3155;1;9726889697;S
20240229;112040;3155.5;1;9726889698;B
20240229;112048;3155.5;6;9726896583;B
20240229;112049;3156.5;7;9726898226;B
20240229;112114;3156.5;1;9726918928;B
20240229;112114;3156.5;9;9726918929;B
20240229;112123;3157;46;9726926908;B
20240229;112123;3157;3;9726926909;B
20240229;112128;3155.5;5;9726930866;S
20240229;112144;3155.5;1;9726943857;S
20240229;112145;3157;1;9726944445;B
20240229;112145;3157;3;9726944446;B
20240229;112145;3157;1;9726944448;B
20240229;112145;3157;1;9726944449;B
20240229;112145;3157;1;9726944453;B
20240229;112145;3157;1;9726944454;B
20240229;112145;3157;1;9726944455;B
20240229;112145;3157;18;9726944456;B
20240229;112145;3157;3;9726944457;B
20240229;112145;3157;1;9726944458;B
20240229;112145;3157;2;9726944460;B
20240229;112145;3157;1;9726944461;B
20240229;112145;3157;1;9726944462;B
20240229;112145;3157;1;9726944463;B
20240229;112145;3157.5;1;9726944464;B
20240229;112145;3157.5;1;9726944466;B
20240229;112145;3157.5;1;9726944467;B
20240229;112145;3157.5;6;9726944468;B
20240229;112145;3157.5;1;9726944470;B
20240229;112145;3157.5;1;9726944471;B
20240229;112145;3157.5;1;9726944473;B
20240229;112145;3157.5;1;9726944474;B
20240229;112145;3157.5;3;9726944475;B
20240229;112145;3157.5;1;9726944476;B
20240229;112145;3157.5;3;9726944477;B
20240229;112145;3157.5;1;9726944478;B
20240229;112145;3157.5;1;9726944479;B
20240229;112145;3157.5;2;9726944480;B
20240229;112145;3157.5;1;9726944481;B
20240229;112145;3157.5;1;9726944482;B
20240229;112145;3157.5;1;9726944483;B
20240229;112145;3157.5;1;9726944484;B
20240229;112145;3157.5;1;9726944485;B
20240229;112145;3157.5;1;9726944486;B
20240229;112145;3157.5;1;9726944487;B
20240229;112145;3157.5;2;9726944488;B
20240229;112145;3157.5;2;9726944491;B
20240229;112145;3157.5;1;9726944495;B
20240229;112145;3157.5;2;9726944497;B
20240229;112145;3157.5;1;9726944498;B
20240229;112145;3157.5;1;9726944506;B
20240229;112145;3157.5;4;9726944509;B
20240229;112145;3157.5;2;9726944511;B
20240229;112145;3157.5;1;9726944516;B
20240229;112145;3157.5;1;9726944567;B
20240229;112145;3157.5;1;9726944568;B
20240229;112145;3157.5;1;9726944577;B
20240229;112211;3157;1;9726964958;B
20240229;112216;3156.5;20;9726968163;S
20240229;112228;3156.5;15;9726977934;S
20240229;112303;3157.5;1;9727004573;B
20240229;112309;3156.5;1;9727008301;S
20240229;112316;3156;30;9727012261;S
20240229;112359;3157;2;9727023347;B
20240229;112414;3157;1;9727025498;B
20240229;112430;3157;14;9727027442;B
20240229;112430;3157.5;2;9727027443;B
20240229;112430;3157.5;6;9727027444;B
20240229;112430;3158;104;9727027445;B
20240229;112442;3156;32;9727028664;S
20240229;112442;3156;25;9727028665;S
20240229;112442;3156;10;9727028666;S
20240229;112442;3155.5;31;9727028667;S
20240229;112442;3155.5;6;9727028668;S
20240229;112442;3155;10;9727028669;S
20240229;112442;3155;1;9727028670;S
20240229;112442;3155;1;9727028671;S
20240229;112442;3155;4;9727028672;S
20240229;112442;3157.5;1;9727028674;B
20240229;112442;3155.5;25;9727028778;S
20240229;112442;3155;36;9727028779;S
20240229;112442;3155;3;9727028780;S
20240229;112442;3155;1;9727028781;S
20240229;112442;3155;6;9727028782;S
20240229;112442;3155;1;9727028783;S
20240229;112442;3155;13;9727028784;S
20240229;112442;3154.5;95;9727028785;S
20240229;112444;3157;1;9727029067;B
20240229;112458;3155.5;5;9727030599;B
20240229;112508;3155.5;32;9727031669;B
20240229;112513;3155;25;9727032161;S
20240229;112513;3155;32;9727032162;S
20240229;112513;3155;43;9727032163;B
20240229;112518;3155.5;1;9727032763;B
20240229;112528;3154.5;3;9727036288;S
20240229;112528;3154.5;24;9727036362;S
20240229;112533;3154.5;2;9727037335;S
20240229;112535;3155;1;9727037545;B
20240229;112537;3154.5;1;9727037799;S
20240229;112538;3154.5;38;9727037929;S
20240229;112546;3154.5;1;9727038801;S
20240229;112547;3154.5;1;9727038959;S
20240229;112548;3155;31;9727039027;B
20240229;112548;3155;6;9727039028;B
20240229;112548;3155;1;9727039029;B
20240229;112548;3155.5;40;9727039030;B
20240229;112548;3155.5;14;9727039031;B
20240229;112552;3154.5;16;9727039530;S
20240229;112556;3154.5;17;9727039934;S
20240229;112609;3155;1;9727041438;S
20240229;112610;3155;1;9727041491;S
20240229;112616;3155;9;9727042133;S
20240229;112617;3155.5;1;9727042163;B
20240229;112620;3155.5;1;9727042534;B
20240229;112620;3155.5;10;9727042621;B
20240229;112628;3155;10;9727043536;S
20240229;112630;3155;17;9727043746;S
20240229;112649;3155;34;9727045916;S
20240229;112651;3155;100;9727046147;S
20240229;112653;3155;5;9727046334;S
20240229;112707;3155;4;9727048642;S
20240229;112709;3155;2;9727049178;S
20240229;112711;3155;70;9727049573;S
20240229;112719;3155.5;1;9727050437;B
20240229;112722;3155;1;9727050698;S
20240229;112726;3155;3;9727051223;S
20240229;112732;3155.5;1;9727051930;B
20240229;112738;3155;28;9727052678;S
20240229;112738;3155;4;9727052679;S
20240229;112738;3155;36;9727052680;S
20240229;112753;3155.5;2;9727054293;B
20240229;112753;3155.5;6;9727054294;B
20240229;112753;3155.5;1;9727054295;B
20240229;112753;3155.5;1;9727054296;B
20240229;112753;3155.5;32;9727054297;B
20240229;112753;3155.5;2;9727054298;B
20240229;112753;3156;29;9727054299;B
20240229;112832;3156;16;9727059304;B
20240229;112841;3155.5;32;9727060995;S
20240229;112841;3155.5;15;9727060996;S
20240229;112841;3155.5;5;9727061039;S
20240229;112847;3155.5;5;9727062022;S
20240229;112849;3155.5;1;9727062239;S
20240229;112849;3155.5;10;9727062243;S
20240229;112850;3156;1;9727062289;B
20240229;112904;3156;4;9727063812;B
20240229;112904;3156;6;9727063813;B
20240229;112908;3156.5;6;9727064212;B
20240229;112915;3156.5;4;9727064905;B
20240229;112915;3156.5;296;9727064906;B
20240229;112929;3156.5;70;9727068169;B
20240229;112929;3157;50;9727068170;B
20240229;112929;3157;1;9727068171;B
20240229;112944;3158;10;9727070027;B
20240229;112944;3158;2;9727070028;B
20240229;112944;3158;1;9727070029;B
20240229;112944;3158;93;9727070030;B
20240229;112944;3158;16;9727070031;B
20240229;112945;3158.5;9;9727070118;B
20240229;112945;3158.5;7;9727070119;B
20240229;112948;3158.5;43;9727070610;B
20240229;112948;3158.5;1;9727070611;B
20240229;112948;3158.5;1;9727070612;B
20240229;112948;3158.5;1;9727070613;B
20240229;112948;3159;2;9727070614;B
20240229;112957;3158;25;9727071670;S
20240229;113000;3158.5;6;9727072467;B
20240229;113000;3158.5;1;9727072468;B
20240229;113000;3159;1;9727072469;B
20240229;113031;3159;11;9727076715;B
20240229;113031;3159;20;9727076716;B
20240229;113031;3159;1;9727076717;B
20240229;113031;3159;1;9727076718;B
20240229;113031;3159;5;9727076719;B
20240229;113031;3159;12;9727076720;B
20240229;113043;3159;3;9727078099;B
20240229;113047;3159;4;9727078530;B
20240229;113103;3158.5;20;9727080254;B
20240229;113103;3158.5;6;9727080255;B
20240229;113103;3158.5;20;9727080256;B
20240229;113103;3159;21;9727080257;B
20240229;113103;3159;100;9727080258;B
20240229;113103;3159;1;9727080259;B
20240229;113103;3159;3;9727080260;B
20240229;113103;3159;3;9727080261;B
20240229;113103;3159;30;9727080262;B
20240229;113103;3159.5;2;9727080263;B
20240229;113103;3159.5;1;9727080264;B
20240229;113103;3159.5;10;9727080265;B
20240229;113103;3159.5;2;9727080266;B
20240229;113103;3159.5;10;9727080267;B
20240229;113103;3159.5;2;9727080268;B
20240229;113103;3159.5;1;9727080269;B
20240229;113103;3159.5;6;9727080270;B
20240229;113103;3159.5;164;9727080271;B
20240229;113103;3159.5;36;9727080274;B
20240229;113103;3159.5;1;9727080275;B
20240229;113103;3159.5;9;9727080276;B
20240229;113103;3160;31;9727080277;B
20240229;113103;3160;1;9727080278;B
20240229;113103;3160;1;9727080279;B
20240229;113103;3160;25;9727080280;B
20240229;113103;3160;183;9727080281;B
20240229;113103;3160;2;9727080282;B
20240229;113103;3160;4;9727080283;B
20240229;113103;3160;305;9727080284;B
20240229;113104;3158.5;2;9727080331;S
20240229;113104;3160;41;9727080332;B
20240229;113104;3160;10;9727080333;B
20240229;113104;3160;20;9727080334;B
20240229;113104;3160;1;9727080335;B
20240229;113104;3160;10;9727080336;B
20240229;113104;3160;10;9727080337;B
20240229;113104;3160;1;9727080338;B
20240229;113104;3160;1;9727080339;B
20240229;113104;3160;15;9727080340;B
20240229;113104;3160;100;9727080341;B
20240229;113104;3160;1;9727080342;B
20240229;113104;3160;7;9727080343;B
20240229;113104;3160;1;9727080344;B
20240229;113104;3160;2;9727080345;B
20240229;113104;3160;2;9727080346;B
20240229;113104;3160;10;9727080347;B
20240229;113104;3160;1;9727080348;B
20240229;113104;3160;10;9727080349;B
20240229;113104;3160;1;9727080350;B
20240229;113104;3160;5;9727080351;B
20240229;113104;3160;1;9727080352;B
20240229;113104;3160;1;9727080353;B
20240229;113104;3160;50;9727080354;B
20240229;113104;3160;1;9727080355;B
20240229;113104;3160;16;9727080356;B
20240229;113104;3160;5;9727080357;B
20240229;113104;3160;4;9727080358;B
20240229;113104;3160;1;9727080367;B
20240229;113104;3160;10;9727080371;B
20240229;113104;3160.5;10;9727080444;B
20240229;113104;3160;9;9727080450;B
20240229;113104;3160;4;9727080457;B
20240229;113104;3160;1;9727080458;B
20240229;113104;3160;3;9727080478;B
20240229;113104;3160;2;9727080479;B
20240229;113104;3159.5;30;9727080504;S
20240229;113106;3160;1;9727080703;B
20240229;113114;3158.5;1;9727081824;S
20240229;113114;3158.5;4;9727081825;B
20240229;113116;3159;5;9727082074;B
20240229;113117;3158.5;5;9727082147;S
20240229;113118;3158.5;1;9727082299;S
20240229;113120;3158.5;1;9727082545;S
20240229;113120;3158.5;4;9727082546;B
20240229;113121;3158.5;1;9727082673;B
20240229;113140;3160;200;9727085803;B
20240229;113156;3160;2;9727089551;B
20240229;113205;3159;7;9727091550;S
20240229;113205;3159;2;9727091643;S
20240229;113206;3159;3;9727091697;S
20240229;113206;3159;2;9727091755;S
20240229;113206;3158.5;6;9727091756;S
20240229;113206;3158.5;1;9727091939;B
20240229;113206;3158;1;9727092054;S
20240229;113206;3158;8;9727092055;S
20240229;113209;3158;1;9727092773;S
20240229;113210;3158;1;9727092934;S
