<DATE>;<TIME>;<LAST>;<VOL>;<ID>;<OPER>
20240122;095958;2830.000000000;1;9449721683;S
20240122;095958;2830.000000000;6;9449721684;S
20240122;095958;2830.000000000;2;9449721685;S
20240122;095958;2830.000000000;1;9449721686;S
20240122;095958;2830.000000000;10;9449721687;S
20240122;095958;2830.000000000;1;9449721688;S
20240122;095958;2830.000000000;7;9449721689;S
20240122;095958;2830.000000000;10;9449721690;S
20240122;095958;2830.000000000;2;9449721691;S
20240122;095958;2830.000000000;5;9449721692;S
20240122;095958;2830.000000000;3;9449721693;S
20240122;095958;2830.000000000;56;9449721694;S
20240122;095958;2830.000000000;2;9449721695;S
20240122;095958;2830.000000000;10;9449721696;S
20240122;095958;2830.000000000;1;9449721697;S
20240122;095958;2830.000000000;1;9449721698;S
20240122;095958;2830.000000000;30;9449721699;S
20240122;095958;2830.000000000;6;9449721700;B
20240122;095958;2830.000000000;2;9449721701;B
20240122;095958;2830.000000000;12;9449721702;B
20240122;095958;2830.000000000;1;9449721703;B
20240122;095958;2830.000000000;1;9449721704;B
20240122;095958;2830.000000000;4;9449721705;B
20240122;095958;2830.000000000;2;9449721706;B
20240122;095958;2830.000000000;3;9449721707;B
20240122;095958;2830.000000000;2;9449721708;S
20240122;095958;2830.000000000;11;9449721709;B
20240122;095958;2830.000000000;7;9449721710;B
20240122;095958;2830.000000000;25;9449721711;B
20240122;095958;2830.000000000;4;9449721712;B
20240122;095958;2830.000000000;1;9449721713;B
20240122;095958;2830.000000000;5;9449721714;B
20240122;095958;2830.000000000;2;9449721715;B
20240122;095958;2830.000000000;3;9449721716;B
20240122;095958;2830.000000000;1;9449721717;B
20240122;095958;2830.000000000;4;9449721718;S
20240122;095958;2830.000000000;5;9449721719;B
20240122;095958;2830.000000000;1;9449721720;B
20240122;095958;2830.000000000;14;9449721721;B
20240122;095958;2830.000000000;2;9449721722;B
20240122;095958;2830.000000000;1;9449721723;B
20240122;095958;2830.000000000;1;9449721724;B
20240122;095958;2830.000000000;4;9449721725;B
20240122;095958;2830.000000000;22;9449721726;B
20240122;095958;2830.000000000;7;9449721727;B
20240122;095958;2830.000000000;4;9449721728;B
20240122;095958;2830.000000000;1;9449721729;B
20240122;095958;2830.000000000;52;9449721730;B
20240122;095958;2830.000000000;10;9449721731;B
20240122;095958;2830.000000000;2;9449721732;B
20240122;095958;2830.000000000;2;9449721733;B
20240122;095958;2830.000000000;5;9449721734;B
20240122;095958;2830.000000000;1;9449721735;B
20240122;095958;2830.000000000;1;9449721736;B
20240122;095958;2830.000000000;43;9449721737;B
20240122;095958;2830.000000000;20;9449721738;B
20240122;095958;2830.000000000;2;9449721739;B
20240122;095958;2830.000000000;5;9449721740;B
20240122;095958;2830.000000000;1;9449721741;B
20240122;095958;2830.000000000;50;9449721742;B
20240122;095958;2830.000000000;2;9449721743;B
20240122;095958;2830.000000000;10;9449721744;B
20240122;100000;2830.000000000;30;9449722106;S
20240122;100000;2830.000000000;20;9449722250;S
20240122;100000;2831.500000000;1;9449722648;B
20240122;100000;2831.500000000;27;9449722748;B
20240122;100000;2832.000000000;8;9449722749;B
20240122;100000;2832.000000000;11;9449722750;B
20240122;100000;2833.000000000;2;9449722751;B
20240122;100000;2834.000000000;10;9449722752;B
20240122;100000;2834.500000000;28;9449722753;B
20240122;100000;2836.000000000;28;9449722754;B
20240122;100000;2836.500000000;61;9449722755;B
20240122;100001;2830.500000000;8;9449724042;S
20240122;100001;2830.500000000;78;9449724043;S
20240122;100001;2830.500000000;9;9449724044;S
20240122;100001;2830.000000000;5;9449724045;S
20240122;100001;2830.000000000;16;9449724310;S
20240122;100001;2831.000000000;2;9449724311;B
20240122;100001;2831.500000000;25;9449724312;B
20240122;100001;2832.000000000;9;9449724313;B
20240122;100001;2834.000000000;4;9449724314;B
20240122;100001;2830.500000000;1;9449724403;S
20240122;100002;2830.500000000;1;9449724723;S
20240122;100002;2830.500000000;3;9449724766;S
20240122;100002;2835.000000000;1;9449725051;B
20240122;100002;2832.000000000;28;9449725071;S
20240122;100002;2831.500000000;55;9449725072;S
20240122;100002;2831.500000000;4;9449725073;S
20240122;100002;2831.500000000;1;9449725088;S
20240122;100003;2831.500000000;10;9449726303;S
20240122;100005;2833.500000000;1;9449729877;B
20240122;100006;2833.500000000;1;9449730604;B
20240122;100007;2833.000000000;1;9449734553;B
20240122;100007;2830.500000000;1;9449734954;S
20240122;100008;2833.000000000;1;9449735481;B
20240122;100008;2833.000000000;1;9449735484;B
20240122;100008;2830.500000000;1;9449735487;S
20240122;100010;2832.000000000;1;9449738107;S
20240122;100010;2831.000000000;5;9449738108;S
20240122;100010;2830.500000000;47;9449738109;S
20240122;100010;2832.500000000;2;9449738119;B
20240122;100010;2832.500000000;5;9449738120;B
20240122;100010;2833.000000000;6;9449738121;B
20240122;100012;2830.500000000;6;9449738734;S
20240122;100014;2833.000000000;4;9449739205;B
20240122;100015;2833.500000000;18;9449739547;B
20240122;100016;2830.500000000;5;9449739831;S
20240122;100016;2830.500000000;7;9449739832;S
20240122;100016;2830.000000000;167;9449739833;S
20240122;100016;2829.500000000;21;9449739834;S
20240122;100017;2829.000000000;1;9449739979;S
20240122;100020;2832.500000000;1;9449740717;B
20240122;100020;2832.500000000;3;9449740718;B
20240122;100022;2829.000000000;1;9449741055;S
20240122;100022;2829.000000000;3;9449741056;S
20240122;100022;2829.000000000;39;9449741057;S
20240122;100022;2829.000000000;1;9449741058;S
20240122;100022;2829.000000000;29;9449741059;S
20240122;100022;2829.000000000;1;9449741060;S
20240122;100022;2829.000000000;1;9449741061;S
20240122;100022;2829.000000000;2;9449741062;S
20240122;100022;2829.000000000;1;9449741063;S
20240122;100022;2829.000000000;28;9449741064;S
20240122;100022;2828.500000000;4;9449741065;S
20240122;100022;2828.500000000;1;9449741066;S
20240122;100022;2828.500000000;89;9449741067;S
20240122;100024;2830.000000000;2;9449741749;B
20240122;100024;2830.500000000;1;9449741750;B
20240122;100024;2830.500000000;36;9449741751;B
20240122;100024;2831.000000000;28;9449741752;B
20240122;100024;2831.500000000;33;9449741753;B
20240122;100026;2832.000000000;1;9449742383;B
20240122;100029;2829.500000000;1;9449743305;S
20240122;100032;2829.000000000;5;9449743921;S
20240122;100032;2829.000000000;33;9449743922;S
20240122;100032;2829.000000000;12;9449743923;S
20240122;100033;2831.500000000;50;9449744024;B
20240122;100034;2831.500000000;58;9449744294;B
20240122;100034;2832.000000000;5;9449744295;B
20240122;100034;2832.500000000;36;9449744296;B
20240122;100034;2832.500000000;7;9449744297;B
20240122;100035;2833.500000000;2;9449744780;B
20240122;100037;2832.500000000;1;9449745189;B
20240122;100037;2833.500000000;19;9449745190;B
20240122;100038;2831.000000000;3;9449745601;B
20240122;100038;2832.500000000;3;9449745602;B
20240122;100038;2833.000000000;10;9449745651;B
20240122;100039;2833.500000000;3;9449746044;B
20240122;100043;2833.500000000;1;9449746970;B
20240122;100043;2833.500000000;1;9449747016;B
20240122;100044;2833.000000000;40;9449747227;B
20240122;100045;2833.000000000;5;9449747375;B
20240122;100045;2833.000000000;1;9449747565;B
20240122;100046;2833.000000000;10;9449747860;B
20240122;100047;2833.000000000;2;9449748009;B
20240122;100047;2833.000000000;1;9449748028;B
20240122;100047;2833.000000000;1;9449748054;B
20240122;100047;2833.000000000;5;9449748115;B
20240122;100047;2831.500000000;1;9449748135;S
20240122;100047;2830.500000000;3;9449748136;S
20240122;100047;2830.500000000;2;9449748155;S
20240122;100047;2830.500000000;108;9449748156;S
20240122;100047;2830.000000000;8;9449748157;S
20240122;100047;2830.000000000;36;9449748158;S
20240122;100047;2829.500000000;218;9449748159;S
20240122;100047;2829.500000000;28;9449748160;S
20240122;100047;2828.500000000;10;9449748161;S
20240122;100047;2828.000000000;2;9449748162;S
20240122;100047;2828.000000000;5;9449748163;S
20240122;100047;2828.000000000;1;9449748164;S
20240122;100047;2828.000000000;1;9449748165;S
20240122;100047;2828.000000000;110;9449748166;S
20240122;100048;2832.500000000;5;9449748261;B
20240122;100048;2832.000000000;2;9449748544;B
20240122;100050;2830.500000000;1;9449749100;S
20240122;100050;2829.500000000;2;9449749101;B
20240122;100050;2831.000000000;2;9449749102;S
20240122;100051;2830.500000000;1;9449749247;B
20240122;100100;2831.500000000;1;9449751714;B
20240122;100101;2831.500000000;1;9449751892;B
20240122;100101;2831.500000000;6;9449751893;B
20240122;100101;2832.000000000;26;9449751894;B
20240122;100104;2830.000000000;3;9449752386;B
20240122;100104;2831.500000000;28;9449752387;B
20240122;100104;2832.000000000;82;9449752388;B
20240122;100104;2832.500000000;37;9449752389;B
20240122;100107;2832.000000000;1;9449753174;B
20240122;100109;2829.000000000;1;9449753554;S
20240122;100120;2830.000000000;2;9449755200;B
20240122;100120;2831.500000000;1;9449755201;B
20240122;100120;2831.500000000;27;9449755378;B
20240122;100120;2832.000000000;1;9449755379;B
20240122;100120;2832.000000000;1;9449755380;B
20240122;100120;2832.000000000;21;9449755381;B
20240122;100126;2831.000000000;3;9449756435;S
20240122;100130;2829.500000000;36;9449757127;S
20240122;100130;2829.000000000;8;9449757128;S
20240122;100130;2829.000000000;7;9449757129;S
20240122;100132;2831.000000000;18;9449757557;B
20240122;100132;2831.500000000;6;9449757558;B
20240122;100136;2831.500000000;22;9449758168;B
20240122;100136;2831.500000000;9;9449758169;B
20240122;100136;2832.000000000;50;9449758170;B
20240122;100136;2832.000000000;5;9449758239;S
20240122;100137;2832.000000000;4;9449758323;S
20240122;100137;2832.500000000;1;9449758336;B
20240122;100142;2832.000000000;10;9449759289;S
20240122;100144;2831.500000000;10;9449759675;B
20240122;100147;2832.000000000;1;9449760235;S
20240122;100151;2832.000000000;1;9449761026;S
20240122;100152;2833.000000000;11;9449761242;B
20240122;100158;2833.000000000;5;9449762347;B
20240122;100200;2833.000000000;4;9449762640;B
20240122;100202;2832.000000000;2;9449763258;S
20240122;100204;2832.000000000;3;9449763568;B
20240122;100205;2832.000000000;18;9449763694;B
20240122;100205;2831.000000000;7;9449763820;S
20240122;100207;2831.000000000;12;9449764158;S
20240122;100211;2832.000000000;1;9449764922;B
20240122;100213;2831.000000000;1;9449765223;S
20240122;100215;2832.000000000;66;9449765590;B
20240122;100215;2832.000000000;1;9449765591;B
20240122;100215;2832.500000000;25;9449765693;S
20240122;100215;2832.000000000;23;9449765694;S
20240122;100216;2832.000000000;1;9449765835;S
20240122;100219;2832.000000000;28;9449766478;S
20240122;100219;2833.000000000;2;9449766494;B
20240122;100220;2832.000000000;20;9449766656;S
20240122;100221;2833.000000000;1;9449766861;B
20240122;100223;2832.000000000;5;9449767433;S
20240122;100225;2832.000000000;5;9449767608;S
20240122;100225;2832.000000000;3;9449767612;S
20240122;100229;2832.000000000;2;9449768254;S
20240122;100234;2833.000000000;1;9449769197;B
20240122;100238;2832.000000000;1;9449770993;S
20240122;100238;2832.000000000;6;9449771008;S
20240122;100239;2832.500000000;5;9449771058;B
20240122;100239;2832.000000000;121;9449771060;S
20240122;100241;2832.000000000;215;9449771424;S
20240122;100243;2832.000000000;51;9449771933;S
20240122;100244;2832.000000000;99;9449772391;S
20240122;100245;2832.000000000;1;9449772598;S
20240122;100245;2832.000000000;52;9449772629;S
20240122;100245;2832.000000000;3;9449772630;S
20240122;100245;2832.000000000;1;9449772631;S
20240122;100245;2832.000000000;2;9449772632;S
20240122;100245;2832.000000000;1;9449772633;S
20240122;100245;2832.000000000;20;9449772634;S
20240122;100245;2831.500000000;1;9449772640;B
20240122;100246;2831.500000000;1;9449772788;B
20240122;100246;2831.500000000;14;9449772840;B
20240122;100248;2831.000000000;1;9449773280;S
20240122;100248;2830.000000000;23;9449773282;S
20240122;100249;2832.000000000;36;9449773345;B
20240122;100249;2832.000000000;47;9449773346;B
20240122;100249;2832.000000000;30;9449773368;S
20240122;100251;2832.000000000;9;9449773838;S
20240122;100253;2832.000000000;2;9449774127;S
20240122;100253;2832.000000000;1;9449774276;S
20240122;100255;2832.000000000;1;9449774484;S
20240122;100256;2832.500000000;2;9449774662;B
20240122;100258;2832.500000000;24;9449774972;B
20240122;100258;2832.500000000;36;9449774973;B
20240122;100258;2832.500000000;22;9449774974;B
20240122;100258;2832.500000000;1;9449774975;B
20240122;100258;2833.000000000;61;9449774976;B
20240122;100258;2833.000000000;2;9449774977;B
20240122;100258;2833.000000000;1;9449774978;B
20240122;100258;2833.000000000;17;9449774979;B
20240122;100258;2832.000000000;6;9449775060;S
20240122;100259;2832.000000000;55;9449775161;S
20240122;100300;2832.000000000;1;9449775453;S
20240122;100303;2832.000000000;12;9449775867;S
20240122;100306;2832.000000000;1;9449776642;S
20240122;100306;2832.500000000;6;9449776646;B
20240122;100308;2832.000000000;4;9449776869;S
20240122;100308;2832.000000000;5;9449776931;S
20240122;100309;2832.000000000;1;9449777092;S
20240122;100311;2832.500000000;30;9449777350;B
20240122;100311;2832.500000000;36;9449777351;B
20240122;100313;2832.500000000;11;9449777641;B
20240122;100313;2832.500000000;20;9449777642;B
20240122;100313;2832.500000000;2;9449777643;B
20240122;100313;2833.000000000;27;9449777644;B
20240122;100313;2832.500000000;17;9449777655;S
20240122;100313;2832.500000000;15;9449777656;S
20240122;100313;2833.000000000;1;9449777796;B
20240122;100316;2833.000000000;5;9449778417;B
20240122;100316;2833.000000000;9;9449778418;B
20240122;100317;2832.500000000;1;9449778521;S
20240122;100318;2833.000000000;1;9449778678;B
20240122;100318;2833.000000000;4;9449778679;B
20240122;100320;2833.000000000;30;9449779008;B
20240122;100320;2832.500000000;1;9449779041;S
20240122;100320;2832.500000000;1;9449779064;S
20240122;100323;2832.500000000;10;9449779406;S
20240122;100330;2833.000000000;10;9449780718;B
20240122;100330;2833.000000000;36;9449780719;B
20240122;100337;2833.500000000;74;9449781880;B
20240122;100337;2833.500000000;7;9449781881;B
20240122;100339;2833.500000000;3;9449782458;B
20240122;100339;2833.500000000;3;9449782459;B
20240122;100339;2833.500000000;14;9449782460;B
20240122;100339;2833.500000000;12;9449782472;B
20240122;100339;2833.500000000;1;9449782473;B
20240122;100339;2834.000000000;26;9449782675;B
20240122;100339;2834.000000000;10;9449782676;B
20240122;100339;2834.000000000;9;9449782677;B
20240122;100339;2834.000000000;5;9449782678;B
20240122;100339;2834.000000000;16;9449782679;B
20240122;100339;2834.000000000;1;9449782680;B
20240122;100339;2834.000000000;5;9449782681;B
20240122;100339;2834.500000000;2;9449782682;B
20240122;100339;2834.500000000;14;9449782683;B
20240122;100343;2834.500000000;38;9449783340;S
20240122;100345;2834.000000000;4;9449783687;S
20240122;100346;2834.000000000;20;9449783858;S
20240122;100348;2834.000000000;8;9449784288;S
20240122;100353;2834.500000000;5;9449785090;B
20240122;100355;2834.500000000;1;9449785383;B
20240122;100356;2834.000000000;8;9449785692;S
20240122;100356;2834.000000000;8;9449785693;S
20240122;100358;2834.000000000;28;9449786029;S
20240122;100358;2834.000000000;15;9449786030;S
20240122;100358;2834.000000000;10;9449786031;S
20240122;100358;2834.500000000;5;9449786162;B
20240122;100358;2834.500000000;1;9449786163;B
20240122;100358;2834.500000000;2;9449786164;B
20240122;100359;2834.500000000;7;9449786283;B
20240122;100359;2834.500000000;8;9449786284;B
20240122;100359;2834.000000000;1;9449786320;S
20240122;100359;2834.500000000;8;9449786417;B
20240122;100359;2834.000000000;4;9449786473;S
20240122;100359;2834.500000000;1;9449786506;B
20240122;100401;2834.500000000;9;9449786873;B
20240122;100404;2835.500000000;15;9449787556;S
20240122;100404;2835.500000000;5;9449787557;S
20240122;100404;2835.500000000;41;9449787558;S
20240122;100404;2836.000000000;2;9449787733;B
20240122;100404;2836.000000000;5;9449787734;B
20240122;100404;2836.000000000;9;9449787735;B
20240122;100404;2836.500000000;1;9449787736;B
20240122;100404;2836.500000000;13;9449787737;B
20240122;100407;2836.000000000;1;9449788210;S
20240122;100410;2836.000000000;27;9449789122;S
20240122;100415;2836.000000000;1;9449790133;B
20240122;100418;2835.000000000;23;9449790758;S
20240122;100418;2836.000000000;1;9449790775;B
20240122;100418;2836.000000000;9;9449790776;B
20240122;100419;2834.500000000;20;9449790857;S
20240122;100423;2836.000000000;15;9449791568;B
20240122;100423;2836.000000000;5;9449791569;B
20240122;100423;2836.000000000;8;9449791570;B
20240122;100423;2836.500000000;27;9449791571;B
20240122;100423;2836.500000000;1;9449791572;B
20240122;100423;2836.500000000;1;9449791573;B
20240122;100423;2836.500000000;27;9449791574;B
20240122;100423;2837.000000000;11;9449791575;B
20240122;100423;2837.000000000;2;9449791576;B
20240122;100423;2837.000000000;5;9449791577;B
20240122;100423;2837.000000000;36;9449791578;B
20240122;100424;2837.000000000;216;9449791802;S
20240122;100424;2837.500000000;2;9449791865;B
20240122;100424;2837.500000000;15;9449791866;B
20240122;100425;2837.000000000;1;9449792102;S
20240122;100426;2837.000000000;4;9449792150;S
20240122;100426;2837.000000000;6;9449792158;S
20240122;100426;2837.000000000;3;9449792178;S
20240122;100426;2837.000000000;5;9449792262;S
20240122;100427;2837.500000000;13;9449792391;B
20240122;100427;2837.500000000;5;9449792392;B
20240122;100427;2837.500000000;7;9449792393;B
20240122;100428;2837.500000000;57;9449792567;B
20240122;100428;2837.500000000;27;9449792568;B
20240122;100428;2838.000000000;16;9449792569;B
20240122;100430;2837.500000000;5;9449792956;B
20240122;100431;2837.500000000;1;9449793173;B
20240122;100432;2837.000000000;5;9449793279;S
20240122;100436;2837.500000000;3;9449794037;B
20240122;100436;2837.500000000;1;9449794086;B
20240122;100436;2837.500000000;1;9449794165;B
20240122;100437;2837.500000000;5;9449794237;B
20240122;100438;2837.000000000;30;9449794446;S
20240122;100439;2837.000000000;8;9449794792;S
20240122;100439;2837.500000000;1;9449794801;B
20240122;100439;2837.500000000;9;9449794812;B
20240122;100440;2837.500000000;18;9449794983;B
20240122;100440;2837.500000000;16;9449794984;B
20240122;100441;2837.500000000;20;9449795174;B
20240122;100441;2837.500000000;32;9449795175;B
20240122;100441;2838.000000000;24;9449795176;B
20240122;100441;2838.000000000;1;9449795177;B
20240122;100442;2837.500000000;1;9449795359;S
20240122;100442;2837.500000000;2;9449795566;B
20240122;100445;2837.500000000;1;9449796108;B
20240122;100446;2837.500000000;27;9449796344;B
20240122;100447;2837.500000000;10;9449796529;S
20240122;100448;2838.000000000;11;9449796725;B
20240122;100448;2838.000000000;2;9449796726;B
20240122;100448;2838.000000000;32;9449796727;B
20240122;100448;2838.000000000;7;9449796728;B
20240122;100450;2838.000000000;3;9449797069;B
20240122;100450;2838.000000000;27;9449797070;B
20240122;100450;2838.000000000;8;9449797071;B
20240122;100450;2838.500000000;5;9449797072;B
20240122;100450;2838.500000000;6;9449797073;B
20240122;100450;2838.500000000;45;9449797074;B
20240122;100450;2839.000000000;6;9449797075;B
20240122;100450;2839.000000000;1;9449797076;B
20240122;100450;2839.000000000;2;9449797077;B
20240122;100450;2839.000000000;17;9449797078;B
20240122;100450;2839.000000000;7;9449797079;B
20240122;100450;2838.500000000;14;9449797082;S
20240122;100451;2838.500000000;1;9449797132;B
20240122;100451;2838.500000000;20;9449797142;B
20240122;100454;2838.500000000;36;9449797667;S
20240122;100454;2838.500000000;43;9449797668;S
20240122;100454;2838.500000000;21;9449797669;S
20240122;100455;2839.000000000;1;9449797876;B
20240122;100456;2839.000000000;7;9449798147;B
20240122;100458;2839.000000000;1;9449798639;B
20240122;100459;2838.500000000;2;9449798811;S
20240122;100459;2839.000000000;1;9449798827;B
20240122;100500;2838.500000000;6;9449798869;S
20240122;100500;2838.500000000;50;9449798870;S
20240122;100500;2838.500000000;43;9449798871;S
20240122;100500;2838.500000000;21;9449798872;S
20240122;100500;2838.500000000;36;9449798873;S
20240122;100500;2838.000000000;44;9449798874;S
20240122;100500;2839.000000000;1;9449799114;B
20240122;100500;2839.000000000;3;9449799115;B
20240122;100500;2839.000000000;15;9449799116;B
20240122;100501;2839.000000000;10;9449799149;B
20240122;100501;2839.000000000;8;9449799150;B
20240122;100501;2839.000000000;2;9449799151;B
20240122;100501;2839.000000000;2;9449799230;B
20240122;100502;2838.500000000;4;9449799383;S
20240122;100503;2839.000000000;11;9449799829;B
20240122;100503;2839.000000000;68;9449799830;B
20240122;100503;2839.000000000;10;9449799831;B
20240122;100503;2839.000000000;6;9449799832;B
20240122;100505;2839.500000000;1;9449800309;B
20240122;100505;2839.500000000;2;9449800310;B
20240122;100505;2838.500000000;1;9449800351;S
20240122;100507;2838.500000000;12;9449800751;S
20240122;100508;2839.000000000;1;9449800966;S
20240122;100508;2839.000000000;12;9449800979;S
20240122;100510;2839.500000000;6;9449801365;B
20240122;100510;2838.500000000;10;9449801484;S
20240122;100513;2838.500000000;35;9449801920;B
20240122;100515;2838.500000000;7;9449802527;B
20240122;100518;2838.500000000;1;9449803216;B
20240122;100521;2838.500000000;25;9449803824;B
20240122;100521;2838.500000000;3;9449803825;B
20240122;100523;2838.500000000;3;9449804301;B
20240122;100523;2838.500000000;2;9449804302;B
20240122;100523;2838.500000000;27;9449804303;B
20240122;100523;2839.000000000;3;9449804304;B
20240122;100523;2838.500000000;1;9449804308;S
20240122;100523;2839.000000000;1;9449804336;B
20240122;100524;2838.500000000;3;9449804525;S
20240122;100528;2838.500000000;4;9449805130;S
20240122;100528;2838.500000000;2;9449805131;S
20240122;100528;2838.500000000;1;9449805171;S
20240122;100529;2838.500000000;1;9449805247;S
20240122;100529;2838.500000000;5;9449805285;S
20240122;100529;2838.500000000;7;9449805286;S
20240122;100529;2838.000000000;1;9449805366;S
20240122;100529;2838.500000000;6;9449805402;B
20240122;100529;2839.000000000;14;9449805403;B
20240122;100532;2839.000000000;1;9449805809;B
20240122;100532;2838.500000000;2;9449805900;S
20240122;100532;2838.500000000;3;9449805901;S
20240122;100532;2838.500000000;17;9449805902;S
20240122;100532;2838.500000000;7;9449805903;S
20240122;100534;2839.000000000;3;9449806251;B
20240122;100534;2839.000000000;7;9449806252;B
20240122;100534;2839.000000000;1;9449806253;B
20240122;100535;2838.500000000;2;9449806604;S
20240122;100535;2838.000000000;1;9449806605;S
20240122;100537;2838.500000000;1;9449806797;S
20240122;100537;2838.000000000;9;9449806798;S
20240122;100537;2838.000000000;25;9449806799;S
20240122;100539;2838.000000000;1;9449807205;S
20240122;100540;2839.000000000;1;9449807352;B
20240122;100542;2838.500000000;1;9449807789;S
20240122;100542;2838.000000000;1;9449807790;S
20240122;100544;2838.500000000;41;9449808205;B
20240122;100544;2838.500000000;1;9449808236;B
20240122;100544;2838.000000000;1;9449808314;S
20240122;100545;2838.500000000;1;9449808619;B
20240122;100546;2838.000000000;200;9449808674;S
20240122;100548;2838.000000000;22;9449809062;S
20240122;100548;2838.000000000;1;9449809063;S
20240122;100548;2838.000000000;5;9449809064;S
20240122;100548;2838.000000000;1;9449809065;S
20240122;100548;2838.000000000;5;9449809066;S
20240122;100548;2838.000000000;63;9449809067;S
20240122;100548;2838.500000000;1;9449809151;B
20240122;100550;2838.500000000;2;9449809486;B
20240122;100551;2838.500000000;4;9449809601;B
20240122;100551;2838.000000000;57;9449809613;S
20240122;100551;2838.000000000;400;9449809614;S
20240122;100551;2838.000000000;3;9449809615;S
20240122;100551;2838.000000000;46;9449809616;S
20240122;100551;2837.500000000;124;9449809617;S
20240122;100553;2838.000000000;20;9449809820;B
20240122;100554;2837.500000000;11;9449809956;S
20240122;100554;2837.500000000;28;9449810019;S
20240122;100554;2838.000000000;1;9449810023;B
20240122;100556;2838.000000000;6;9449810294;B
20240122;100556;2838.000000000;1;9449810295;B
20240122;100558;2838.000000000;2;9449810761;B
20240122;100558;2838.000000000;3;9449810783;B
20240122;100559;2838.000000000;31;9449810807;B
20240122;100559;2838.000000000;5;9449810808;B
20240122;100559;2837.500000000;7;9449810880;S
20240122;100600;2838.000000000;30;9449811236;B
20240122;100601;2838.000000000;2;9449811482;B
20240122;100602;2838.000000000;1;9449811536;B
20240122;100603;2837.500000000;76;9449811779;S
20240122;100603;2838.000000000;1;9449811894;B
20240122;100604;2838.000000000;4;9449811989;B
20240122;100604;2838.000000000;7;9449812072;B
20240122;100608;2837.500000000;9;9449812670;S
20240122;100608;2838.000000000;2;9449812748;B
20240122;100608;2837.500000000;80;9449812751;S
20240122;100609;2837.500000000;1;9449812905;S
20240122;100610;2838.000000000;3;9449813301;B
20240122;100610;2838.000000000;2;9449813313;B
20240122;100610;2838.000000000;8;9449813314;B
20240122;100610;2838.000000000;18;9449813315;B
20240122;100612;2838.000000000;1;9449813587;B
20240122;100613;2837.500000000;82;9449813676;S
20240122;100615;2837.500000000;20;9449814117;S
20240122;100615;2838.000000000;4;9449814245;B
20240122;100615;2837.500000000;10;9449814256;S
20240122;100616;2837.500000000;5;9449814371;S
20240122;100618;2837.500000000;112;9449814935;S
20240122;100619;2837.500000000;1;9449815022;S
20240122;100620;2837.500000000;12;9449815276;S
20240122;100621;2837.500000000;18;9449815317;S
20240122;100623;2837.500000000;73;9449816013;S
20240122;100623;2837.500000000;64;9449816014;S
20240122;100624;2837.500000000;2;9449816262;S
20240122;100626;2837.500000000;50;9449816527;S
20240122;100626;2837.500000000;10;9449816528;S
20240122;100628;2838.000000000;1;9449816796;B
20240122;100628;2837.500000000;1;9449816843;S
20240122;100628;2837.500000000;156;9449816911;S
20240122;100628;2837.500000000;200;9449816915;S
20240122;100629;2837.500000000;500;9449816978;S
20240122;100630;2837.500000000;142;9449817204;S
20240122;100630;2837.500000000;10;9449817271;S
20240122;100630;2838.000000000;4;9449817273;B
20240122;100630;2838.000000000;1;9449817302;B
20240122;100631;2837.500000000;20;9449817368;S
20240122;100631;2837.500000000;254;9449817460;S
20240122;100631;2837.500000000;7;9449817461;S
20240122;100632;2837.500000000;3;9449817518;B
20240122;100632;2837.500000000;9;9449817532;B
20240122;100633;2837.000000000;1;9449817763;S
20240122;100633;2837.000000000;83;9449817767;S
20240122;100633;2837.000000000;55;9449817768;S
20240122;100633;2837.000000000;10;9449817769;S
20240122;100633;2836.000000000;10;9449817770;S
20240122;100634;2835.000000000;1;9449817774;S
20240122;100634;2834.500000000;4;9449817778;S
20240122;100635;2834.000000000;1;9449818076;S
20240122;100635;2834.000000000;3;9449818077;S
20240122;100635;2833.500000000;1;9449818078;S
20240122;100635;2833.500000000;8;9449818079;S
20240122;100635;2833.000000000;254;9449818080;S
20240122;100635;2833.000000000;1;9449818081;S
20240122;100635;2833.000000000;28;9449818082;S
20240122;100635;2833.000000000;11;9449818083;S
20240122;100635;2832.500000000;39;9449818084;S
20240122;100635;2832.000000000;54;9449818085;S
20240122;100635;2832.500000000;28;9449818086;S
20240122;100635;2832.000000000;2;9449818087;S
20240122;100635;2832.000000000;10;9449818088;S
20240122;100635;2833.000000000;5;9449818169;B
20240122;100636;2832.500000000;12;9449818279;S
20240122;100636;2832.000000000;123;9449818280;S
20240122;100636;2832.000000000;1;9449818281;S
20240122;100636;2831.500000000;3;9449818282;S
20240122;100636;2831.500000000;11;9449818283;S
20240122;100636;2831.000000000;20;9449818284;S
20240122;100636;2830.500000000;1;9449818285;S
20240122;100636;2830.500000000;1;9449818286;S
20240122;100636;2830.500000000;1;9449818287;S
20240122;100636;2830.500000000;20;9449818288;S
20240122;100636;2830.500000000;67;9449818289;S
20240122;100636;2831.000000000;10;9449818334;B
20240122;100636;2831.000000000;10;9449818335;B
20240122;100638;2830.000000000;5;9449818658;S
20240122;100638;2830.000000000;4;9449818659;S
20240122;100638;2830.000000000;1;9449818660;S
20240122;100638;2830.000000000;147;9449818708;S
20240122;100639;2830.500000000;2;9449818870;B
20240122;100639;2830.500000000;3;9449818871;B
20240122;100639;2830.000000000;1;9449818932;S
20240122;100642;2830.500000000;2;9449819171;B
20240122;100643;2830.000000000;1;9449819294;S
20240122;100643;2830.000000000;118;9449819397;S
20240122;100643;2830.000000000;10;9449819398;S
20240122;100643;2830.000000000;1;9449819399;S
20240122;100643;2830.000000000;1;9449819400;S
20240122;100643;2829.000000000;8;9449819402;S
20240122;100644;2828.500000000;1;9449819509;S
20240122;100644;2828.500000000;28;9449819510;S
20240122;100644;2830.000000000;2;9449819567;B
20240122;100648;2828.500000000;4;9449820219;S
20240122;100648;2828.500000000;1;9449820220;S
20240122;100648;2828.000000000;5;9449820221;S
20240122;100648;2828.000000000;10;9449820222;S
20240122;100648;2828.000000000;1;9449820223;S
20240122;100648;2828.000000000;36;9449820224;S
20240122;100654;2828.500000000;1;9449821153;B
20240122;100657;2828.500000000;9;9449821721;B
20240122;100657;2828.000000000;36;9449821724;S
20240122;100657;2828.000000000;9;9449821747;B
20240122;100659;2828.000000000;1;9449822043;B
20240122;100700;2827.500000000;2;9449822382;S
20240122;100700;2827.500000000;6;9449822383;S
20240122;100700;2827.500000000;1;9449822384;S
20240122;100700;2827.500000000;1;9449822385;S
20240122;100700;2827.500000000;1;9449822400;S
20240122;100702;2827.500000000;1;9449823150;S
20240122;100702;2827.500000000;1;9449823151;S
20240122;100702;2827.500000000;3;9449823152;S
20240122;100703;2827.500000000;2;9449823278;S
20240122;100703;2827.500000000;5;9449823279;S
20240122;100703;2827.500000000;1;9449823280;S
20240122;100703;2827.500000000;17;9449823281;S
20240122;100703;2827.500000000;5;9449823287;S
20240122;100703;2828.000000000;7;9449823407;B
20240122;100705;2827.500000000;2;9449823944;S
20240122;100705;2827.500000000;3;9449823955;S
20240122;100706;2828.000000000;50;9449824029;B
20240122;100706;2828.000000000;11;9449824030;B
20240122;100706;2828.000000000;8;9449824031;B
20240122;100706;2828.000000000;63;9449824032;B
20240122;100706;2828.500000000;44;9449824033;B
20240122;100706;2828.000000000;32;9449824047;S
20240122;100706;2828.000000000;1;9449824100;S
20240122;100707;2828.000000000;9;9449824252;S
20240122;100709;2828.000000000;1;9449824628;B
20240122;100709;2828.000000000;7;9449824629;B
20240122;100709;2828.000000000;20;9449824650;B
20240122;100711;2827.500000000;1;9449824990;S
20240122;100711;2828.000000000;39;9449825016;B
20240122;100711;2828.000000000;11;9449825017;B
20240122;100712;2828.000000000;1;9449825102;B
20240122;100712;2828.500000000;17;9449825227;B
20240122;100712;2828.500000000;1;9449825228;B
20240122;100712;2828.500000000;1;9449825229;B
20240122;100717;2828.500000000;39;9449825912;B
20240122;100717;2828.500000000;10;9449825913;B
20240122;100717;2828.500000000;15;9449825914;B
20240122;100717;2828.500000000;10;9449825915;B
20240122;100717;2829.000000000;75;9449825916;B
20240122;100717;2829.000000000;17;9449825917;B
20240122;100717;2829.500000000;1;9449825918;B
20240122;100717;2829.500000000;23;9449825919;B
20240122;100717;2829.500000000;10;9449825920;B
20240122;100717;2829.500000000;25;9449825921;B
20240122;100717;2829.500000000;8;9449825922;B
20240122;100717;2830.000000000;10;9449825923;B
20240122;100717;2830.000000000;107;9449825924;B
20240122;100724;2828.500000000;36;9449827383;S
20240122;100724;2828.500000000;11;9449827384;S
20240122;100724;2828.500000000;29;9449827385;B
20240122;100726;2828.500000000;10;9449827734;S
20240122;100726;2828.000000000;1;9449827735;S
20240122;100726;2828.000000000;14;9449827736;S
20240122;100727;2830.000000000;5;9449827898;B
20240122;100729;2830.000000000;1;9449828179;B
20240122;100741;2830.000000000;1;9449830627;B
20240122;100742;2829.000000000;20;9449830794;S
20240122;100747;2830.000000000;1;9449831436;B
20240122;100747;2830.000000000;35;9449831559;B
20240122;100754;2829.500000000;5;9449832472;S
20240122;100756;2830.000000000;8;9449832862;B
20240122;100757;2830.000000000;1;9449832929;B
20240122;100757;2830.000000000;1;9449833044;B
20240122;100759;2830.000000000;70;9449833461;B
20240122;100759;2830.000000000;13;9449833462;B
20240122;100759;2830.000000000;1;9449833463;B
20240122;100759;2830.000000000;9;9449833464;B
20240122;100759;2830.000000000;15;9449833465;B
20240122;100759;2830.000000000;15;9449833466;B
20240122;100759;2830.000000000;2;9449833467;B
20240122;100759;2830.500000000;10;9449833468;B
20240122;100759;2830.500000000;1;9449833469;B
20240122;100759;2830.500000000;10;9449833470;B
20240122;100759;2830.500000000;6;9449833471;B
20240122;100759;2831.500000000;10;9449833472;B
20240122;100805;2831.000000000;3;9449834575;S
20240122;100808;2831.500000000;1;9449835168;B
20240122;100810;2831.500000000;1;9449835519;B
20240122;100811;2831.500000000;31;9449835627;B
20240122;100811;2831.500000000;1;9449835628;B
20240122;100811;2831.500000000;2;9449835710;S
20240122;100812;2832.000000000;1;9449835913;B
20240122;100812;2832.000000000;3;9449835914;B
20240122;100814;2832.000000000;5;9449836177;B
20240122;100819;2832.000000000;1;9449836879;B
20240122;100820;2832.000000000;3;9449837093;B
20240122;100825;2832.000000000;7;9449837760;B
20240122;100830;2831.500000000;4;9449838600;S
20240122;100833;2832.000000000;5;9449839117;B
20240122;100835;2831.500000000;2;9449839378;S
20240122;100837;2831.500000000;8;9449839800;S
20240122;100837;2831.500000000;1;9449839801;S
20240122;100837;2831.500000000;27;9449839802;S
20240122;100843;2831.500000000;15;9449840695;S
20240122;100847;2831.500000000;4;9449841260;S
20240122;100849;2832.000000000;1;9449841539;B
20240122;100850;2832.000000000;2;9449841854;B
20240122;100850;2832.000000000;2;9449841855;B
20240122;100850;2832.000000000;1;9449841856;B
20240122;100852;2832.000000000;12;9449842399;B
20240122;100854;2831.500000000;36;9449842733;S
20240122;100854;2831.500000000;14;9449842734;S
20240122;100858;2832.000000000;12;9449843272;B
20240122;100858;2832.000000000;18;9449843273;B
20240122;100858;2832.000000000;1;9449843274;B
20240122;100858;2832.000000000;10;9449843275;B
20240122;100858;2832.000000000;3;9449843276;B
20240122;100858;2832.000000000;6;9449843287;S
20240122;100903;2831.500000000;1;9449844255;S
20240122;100903;2831.500000000;3;9449844256;S
20240122;100903;2831.000000000;1;9449844386;S
20240122;100903;2831.000000000;1;9449844387;S
20240122;100906;2831.500000000;1;9449844766;B
20240122;100906;2831.000000000;20;9449844908;S
20240122;100906;2831.500000000;1;9449844921;B
20240122;100909;2831.000000000;33;9449845444;S
20240122;100910;2831.000000000;15;9449845622;S
20240122;100913;2831.500000000;1;9449846308;B
20240122;100913;2831.000000000;29;9449846424;S
20240122;100914;2831.000000000;2;9449846459;S
20240122;100914;2831.000000000;3;9449846460;S
20240122;100914;2830.500000000;1;9449846461;S
20240122;100914;2830.500000000;1;9449846462;S
20240122;100915;2830.500000000;33;9449846692;S
20240122;100915;2830.500000000;50;9449846693;S
20240122;100915;2830.000000000;58;9449846694;S
20240122;100915;2830.000000000;2;9449846695;S
20240122;100915;2830.000000000;1;9449846696;S
20240122;100919;2830.000000000;1;9449847338;S
20240122;100920;2830.000000000;5;9449847445;S
20240122;100920;2830.000000000;4;9449847478;S
20240122;100924;2830.500000000;1;9449848171;B
20240122;100925;2830.500000000;1;9449848458;B
20240122;100928;2830.500000000;1;9449849070;B
20240122;100931;2830.500000000;5;9449849561;B
20240122;100932;2830.500000000;1;9449849726;B
20240122;100933;2830.000000000;1;9449849860;S
20240122;100934;2830.500000000;23;9449849947;B
20240122;100934;2830.500000000;25;9449849948;B
20240122;100934;2830.500000000;5;9449849949;B
20240122;100934;2830.500000000;10;9449849950;B
20240122;100934;2830.500000000;6;9449849951;B
20240122;100934;2830.500000000;20;9449849952;B
20240122;100934;2830.500000000;7;9449849953;B
20240122;100934;2830.500000000;4;9449849954;B
20240122;100937;2830.500000000;15;9449850277;B
20240122;100938;2830.000000000;16;9449850390;S
20240122;100939;2830.000000000;2;9449850551;S
20240122;100940;2830.500000000;10;9449850719;B
20240122;100941;2830.500000000;1;9449850945;B
20240122;100942;2830.000000000;1;9449851015;S
20240122;100944;2830.500000000;10;9449851319;B
20240122;100945;2830.000000000;1;9449852003;S
20240122;100947;2830.000000000;30;9449852301;S
20240122;100947;2830.500000000;25;9449852375;B
20240122;100948;2830.500000000;2;9449852539;B
20240122;100949;2830.500000000;7;9449852633;B
20240122;100949;2830.500000000;33;9449852634;B
20240122;100949;2830.000000000;1;9449852667;S
20240122;100949;2830.500000000;3;9449852699;B
20240122;100949;2830.500000000;7;9449852700;B
20240122;100949;2830.000000000;3;9449852708;S
20240122;100950;2830.500000000;1;9449852739;B
20240122;100950;2830.500000000;2;9449852768;B
20240122;100953;2830.500000000;1;9449853272;B
20240122;100953;2830.500000000;9;9449853273;B
20240122;100955;2830.500000000;11;9449853536;B
20240122;100955;2830.500000000;3;9449853572;B
20240122;100956;2830.500000000;1;9449853679;B
20240122;100957;2830.500000000;10;9449853896;B
20240122;100959;2830.000000000;25;9449854309;S
20240122;101000;2830.000000000;2;9449854827;S
20240122;101001;2830.000000000;2;9449854987;S
20240122;101001;2830.000000000;2;9449855047;S
20240122;101001;2830.500000000;1;9449855069;B
20240122;101002;2830.000000000;1;9449855318;S
20240122;101002;2830.000000000;18;9449855373;S
20240122;101003;2830.000000000;399;9449855461;S
20240122;101003;2830.000000000;2;9449855462;S
20240122;101003;2830.000000000;10;9449855463;S
20240122;101003;2829.000000000;3;9449855464;S
20240122;101003;2829.000000000;5;9449855469;S
20240122;101003;2828.500000000;1;9449855472;S
20240122;101003;2828.500000000;1;9449855534;B
20240122;101005;2828.000000000;1;9449855889;S
20240122;101005;2828.000000000;9;9449855890;S
20240122;101005;2828.000000000;10;9449856012;S
20240122;101005;2828.000000000;6;9449856013;S
20240122;101005;2827.500000000;45;9449856017;S
20240122;101005;2827.500000000;13;9449856018;S
20240122;101005;2827.500000000;1;9449856019;S
20240122;101005;2827.500000000;50;9449856020;S
20240122;101005;2827.500000000;1;9449856021;S
20240122;101005;2827.500000000;2;9449856022;S
20240122;101005;2827.500000000;1;9449856023;S
20240122;101005;2827.000000000;1;9449856024;S
20240122;101005;2827.000000000;11;9449856025;S
20240122;101005;2826.000000000;2;9449856037;S
20240122;101005;2826.000000000;3;9449856038;S
20240122;101005;2826.000000000;2;9449856039;S
20240122;101005;2826.000000000;10;9449856040;S
20240122;101005;2826.000000000;1;9449856041;S
20240122;101005;2826.000000000;10;9449856081;B
20240122;101005;2827.000000000;3;9449856103;B
20240122;101006;2827.000000000;1;9449856165;B
20240122;101008;2826.000000000;5;9449856581;S
20240122;101009;2825.500000000;1;9449856641;S
20240122;101009;2825.500000000;1;9449856642;S
20240122;101009;2825.000000000;6;9449856761;S
20240122;101009;2825.000000000;4;9449856762;S
20240122;101009;2825.000000000;11;9449856763;S
20240122;101009;2825.000000000;1;9449856764;S
20240122;101009;2825.000000000;8;9449856765;S
20240122;101009;2824.000000000;2;9449856766;S
20240122;101009;2824.500000000;10;9449856767;B
20240122;101012;2825.000000000;10;9449857269;B
20240122;101013;2824.500000000;1;9449857477;B
20240122;101013;2824.000000000;1;9449857641;S
20240122;101015;2824.000000000;19;9449857995;S
20240122;101015;2824.000000000;1;9449857996;S
20240122;101019;2824.000000000;2;9449858562;S
20240122;101021;2825.000000000;1;9449858946;B
20240122;101023;2825.000000000;24;9449859377;B
20240122;101023;2825.500000000;10;9449859450;B
20240122;101025;2825.500000000;10;9449859613;S
20240122;101025;2825.500000000;28;9449859614;S
20240122;101025;2825.000000000;27;9449859615;S
20240122;101025;2824.500000000;88;9449859616;S
20240122;101025;2823.500000000;1;9449859617;S
20240122;101025;2823.500000000;30;9449859618;S
20240122;101025;2823.500000000;16;9449859619;B
20240122;101028;2825.500000000;10;9449860094;S
20240122;101031;2825.000000000;2;9449860634;S
20240122;101033;2826.000000000;1;9449860860;B
20240122;101035;2826.000000000;28;9449861268;S
20240122;101035;2826.000000000;9;9449861269;S
20240122;101037;2827.000000000;1;9449861510;B
20240122;101038;2825.500000000;3;9449861674;S
20240122;101041;2827.000000000;2;9449861970;B
20240122;101042;2826.500000000;50;9449862247;B
20240122;101046;2827.000000000;97;9449862751;B
20240122;101047;2827.500000000;1;9449862885;B
20240122;101048;2827.500000000;1;9449863072;S
20240122;101048;2828.000000000;1;9449863281;S
20240122;101051;2828.000000000;19;9449863682;S
20240122;101106;2826.000000000;10;9449866535;S
20240122;101109;2827.500000000;36;9449867226;B
20240122;101109;2827.500000000;13;9449867227;B
20240122;101109;2827.500000000;9;9449867228;B
20240122;101109;2827.500000000;10;9449867229;B
20240122;101109;2828.000000000;6;9449867230;B
20240122;101109;2828.000000000;23;9449867231;B
20240122;101109;2828.000000000;3;9449867232;B
20240122;101111;2827.000000000;1;9449867463;B
20240122;101116;2827.000000000;9;9449868209;B
20240122;101116;2827.000000000;7;9449868210;B
20240122;101116;2827.000000000;9;9449868211;B
20240122;101116;2826.000000000;6;9449868338;S
20240122;101119;2826.000000000;1;9449868806;S
20240122;101121;2827.000000000;2;9449869126;B
20240122;101126;2827.000000000;2;9449869762;B
20240122;101128;2827.000000000;9;9449870003;B
20240122;101128;2827.000000000;1;9449870004;B
20240122;101130;2827.000000000;2;9449870348;B
20240122;101133;2827.000000000;1;9449870726;B
20240122;101133;2827.000000000;1;9449870766;B
20240122;101133;2827.500000000;1;9449870767;B
20240122;101133;2827.500000000;1;9449870768;B
20240122;101137;2826.500000000;6;9449871161;S
20240122;101138;2827.000000000;20;9449871347;S
20240122;101139;2827.000000000;6;9449871546;B
20240122;101142;2826.500000000;4;9449871883;S
20240122;101142;2826.000000000;5;9449871884;S
20240122;101142;2826.000000000;1;9449871885;S
20240122;101142;2826.000000000;8;9449871886;S
20240122;101142;2825.500000000;10;9449871887;S
20240122;101142;2825.500000000;7;9449871888;S
20240122;101143;2827.000000000;1;9449871960;B
20240122;101145;2827.000000000;1;9449872200;B
20240122;101148;2827.000000000;7;9449873379;B
20240122;101157;2826.000000000;9;9449874614;S
20240122;101157;2825.500000000;21;9449874615;S
20240122;101158;2826.500000000;1;9449874742;B
20240122;101201;2825.500000000;9;9449875236;S
20240122;101203;2826.500000000;29;9449875476;B
20240122;101205;2826.500000000;5;9449875747;B
20240122;101205;2826.500000000;1;9449875853;B
20240122;101206;2826.500000000;1;9449876089;B
20240122;101209;2826.000000000;2;9449876525;S
20240122;101209;2826.000000000;9;9449876526;S
20240122;101209;2826.000000000;39;9449876527;S
20240122;101211;2825.500000000;4;9449876871;S
20240122;101211;2825.000000000;77;9449876872;S
20240122;101212;2825.500000000;36;9449876968;B
20240122;101212;2825.500000000;10;9449876969;B
20240122;101213;2825.500000000;4;9449877443;S
20240122;101214;2826.000000000;16;9449877585;B
20240122;101214;2825.500000000;1;9449877642;S
20240122;101221;2825.500000000;4;9449878469;S
20240122;101223;2826.500000000;2;9449878702;B
20240122;101225;2826.500000000;61;9449879043;B
20240122;101225;2826.500000000;1;9449879044;B
20240122;101225;2826.500000000;7;9449879045;B
20240122;101225;2826.500000000;3;9449879046;B
20240122;101225;2827.000000000;2;9449879068;B
20240122;101225;2827.000000000;50;9449879069;B
20240122;101225;2827.000000000;4;9449879070;B
20240122;101226;2827.500000000;1;9449879145;B
20240122;101226;2827.500000000;1;9449879146;B
20240122;101228;2827.500000000;8;9449879488;S
20240122;101229;2827.000000000;5;9449879596;S
20240122;101230;2827.000000000;1;9449879787;S
20240122;101232;2828.000000000;50;9449880033;B
20240122;101232;2828.000000000;1;9449880034;B
20240122;101232;2828.000000000;53;9449880035;B
20240122;101232;2828.500000000;24;9449880036;B
20240122;101232;2828.500000000;6;9449880037;B
20240122;101232;2828.500000000;15;9449880038;B
20240122;101232;2828.500000000;49;9449880039;B
20240122;101232;2829.000000000;1;9449880040;B
20240122;101232;2829.000000000;26;9449880041;B
20240122;101232;2829.000000000;14;9449880042;B
20240122;101232;2829.000000000;14;9449880043;B
20240122;101232;2829.000000000;10;9449880044;B
20240122;101232;2829.000000000;47;9449880045;B
20240122;101232;2829.500000000;2;9449880046;B
20240122;101232;2829.500000000;18;9449880047;B
20240122;101232;2829.500000000;20;9449880048;B
20240122;101232;2830.000000000;5;9449880049;B
20240122;101232;2830.000000000;14;9449880050;B
20240122;101232;2830.000000000;3;9449880051;B
20240122;101232;2830.000000000;18;9449880052;B
20240122;101232;2830.000000000;100;9449880053;B
20240122;101232;2830.000000000;8;9449880054;B
20240122;101232;2830.500000000;137;9449880055;B
20240122;101232;2831.000000000;1;9449880056;B
20240122;101232;2831.000000000;4;9449880057;B
20240122;101232;2831.000000000;2;9449880058;B
20240122;101232;2831.000000000;20;9449880059;B
20240122;101232;2831.500000000;2;9449880060;B
20240122;101232;2831.500000000;3;9449880061;B
20240122;101232;2831.500000000;5;9449880062;B
20240122;101232;2832.000000000;1;9449880079;B
20240122;101233;2831.000000000;1;9449880245;S
20240122;101236;2831.500000000;1;9449880595;S
20240122;101241;2832.000000000;2;9449881351;B
20240122;101242;2831.500000000;1;9449881452;S
20240122;101243;2832.000000000;1;9449881624;B
20240122;101246;2832.000000000;5;9449882048;B
20240122;101246;2832.000000000;6;9449882049;B
20240122;101248;2832.000000000;1;9449882461;B
20240122;101248;2831.500000000;1;9449882506;S
20240122;101250;2832.000000000;1;9449882764;B
20240122;101251;2832.000000000;34;9449882998;B
20240122;101251;2832.000000000;28;9449882999;B
20240122;101251;2832.000000000;8;9449883000;B
20240122;101251;2832.000000000;1;9449883001;B
20240122;101251;2832.000000000;27;9449883002;B
20240122;101253;2832.000000000;1;9449883255;B
20240122;101253;2832.000000000;10;9449883256;S
20240122;101253;2832.000000000;10;9449883257;S
20240122;101254;2832.000000000;5;9449883426;B
20240122;101255;2831.500000000;8;9449883600;S
20240122;101255;2832.000000000;3;9449883603;B
20240122;101258;2832.000000000;1;9449884064;B
20240122;101259;2832.000000000;5;9449884225;B
20240122;101306;2831.500000000;35;9449885208;S
20240122;101306;2831.500000000;9;9449885209;S
20240122;101312;2831.500000000;5;9449886150;B
20240122;101316;2831.500000000;6;9449886590;B
20240122;101322;2830.500000000;45;9449887762;S
20240122;101322;2830.500000000;5;9449887763;S
20240122;101322;2831.500000000;1;9449887815;B
20240122;101326;2831.500000000;36;9449888471;B
20240122;101326;2831.500000000;11;9449888472;B
20240122;101334;2830.500000000;23;9449889471;S
20240122;101334;2830.500000000;10;9449889472;S
20240122;101334;2830.500000000;2;9449889473;S
20240122;101342;2831.500000000;45;9449890468;B
20240122;101345;2830.500000000;14;9449890962;S
20240122;101345;2830.500000000;12;9449890963;S
20240122;101345;2830.500000000;10;9449890964;S
20240122;101350;2832.000000000;1;9449891468;B
20240122;101350;2832.000000000;6;9449891469;B
20240122;101350;2832.000000000;6;9449891470;B
20240122;101350;2832.000000000;2;9449891471;B
20240122;101350;2832.000000000;28;9449891472;B
20240122;101350;2832.000000000;26;9449891473;B
20240122;101350;2832.500000000;10;9449891474;B
20240122;101350;2832.500000000;21;9449891475;B
20240122;101351;2831.000000000;1;9449891668;S
20240122;101357;2832.500000000;5;9449892865;B
20240122;101357;2832.000000000;1;9449892877;S
20240122;101357;2832.500000000;1;9449892898;B
20240122;101357;2832.500000000;37;9449892899;B
20240122;101400;2832.500000000;3;9449893382;B
20240122;101402;2832.000000000;1;9449893667;S
20240122;101408;2831.000000000;24;9449894316;S
20240122;101408;2831.000000000;10;9449894317;S
20240122;101408;2831.000000000;5;9449894318;S
20240122;101408;2830.500000000;20;9449894320;S
20240122;101413;2832.000000000;30;9449894969;B
20240122;101413;2832.000000000;1;9449894992;B
20240122;101413;2830.500000000;10;9449895109;S
20240122;101413;2830.500000000;6;9449895110;S
20240122;101413;2830.500000000;6;9449895111;S
20240122;101425;2831.500000000;7;9449898123;B
20240122;101432;2830.000000000;1;9449899064;S
20240122;101434;2831.000000000;10;9449899404;B
20240122;101434;2831.000000000;4;9449899405;B
20240122;101434;2831.500000000;6;9449899406;B
20240122;101442;2831.500000000;1;9449900705;B
20240122;101445;2831.500000000;5;9449901183;B
20240122;101445;2831.500000000;10;9449901184;B
20240122;101445;2831.500000000;7;9449901185;B
20240122;101445;2832.000000000;8;9449901186;B
20240122;101450;2832.000000000;20;9449901773;B
20240122;101450;2831.500000000;40;9449901786;S
20240122;101451;2832.000000000;1;9449902083;B
20240122;101452;2831.500000000;22;9449902195;S
20240122;101452;2831.500000000;12;9449902295;S
20240122;101452;2831.000000000;11;9449902296;S
20240122;101500;2831.500000000;5;9449903592;B
20240122;101501;2831.500000000;2;9449903749;B
20240122;101505;2831.500000000;20;9449904423;B
20240122;101505;2831.500000000;36;9449904424;B
20240122;101505;2831.500000000;9;9449904425;B
20240122;101505;2831.500000000;2;9449904426;B
20240122;101505;2832.000000000;9;9449904427;B
20240122;101505;2832.000000000;20;9449904428;B
20240122;101505;2832.000000000;21;9449904429;B
20240122;101505;2832.000000000;2;9449904430;B
20240122;101505;2832.000000000;1;9449904431;B
20240122;101505;2832.000000000;2;9449904577;S
20240122;101508;2832.000000000;1;9449905116;S
20240122;101509;2832.500000000;1;9449905163;B
20240122;101512;2832.000000000;52;9449905868;S
20240122;101512;2831.500000000;9;9449905869;S
20240122;101512;2831.000000000;59;9449905870;S
20240122;101512;2831.000000000;14;9449905871;S
20240122;101512;2830.000000000;10;9449905872;S
20240122;101512;2830.000000000;30;9449905873;S
20240122;101512;2830.000000000;3;9449905874;S
20240122;101512;2829.000000000;4;9449905875;S
20240122;101512;2829.000000000;28;9449905876;S
20240122;101512;2829.000000000;1;9449905877;S
20240122;101512;2828.500000000;31;9449905878;S
20240122;101512;2828.500000000;2;9449905879;S
20240122;101512;2828.000000000;8;9449905880;S
20240122;101512;2828.000000000;36;9449905881;S
20240122;101512;2827.500000000;30;9449905882;S
20240122;101512;2827.500000000;91;9449905883;S
20240122;101512;2827.500000000;88;9449905884;S
20240122;101512;2827.000000000;4;9449905885;S
20240122;101512;2827.000000000;2;9449905920;S
20240122;101512;2827.000000000;6;9449905921;S
20240122;101518;2826.500000000;15;9449906937;S
20240122;101521;2827.500000000;9;9449907607;B
20240122;101523;2827.500000000;2;9449907992;B
20240122;101526;2827.500000000;5;9449908909;B
20240122;101530;2827.500000000;1;9449909753;B
20240122;101531;2827.000000000;1;9449909823;S
20240122;101531;2826.000000000;5;9449909933;S
20240122;101534;2827.000000000;2;9449910448;B
20240122;101535;2827.000000000;2;9449910638;B
20240122;101541;2826.000000000;10;9449912229;S
20240122;101546;2826.000000000;35;9449913168;S
20240122;101546;2826.000000000;4;9449913169;S
20240122;101546;2825.500000000;2;9449913170;S
20240122;101550;2827.000000000;1;9449914054;B
20240122;101551;2827.000000000;9;9449914220;B
20240122;101551;2827.000000000;10;9449914221;B
20240122;101551;2827.000000000;1;9449914254;S
20240122;101551;2826.000000000;1;9449914255;S
20240122;101558;2825.500000000;5;9449915627;S
20240122;101611;2826.000000000;5;9449918554;S
20240122;101611;2825.500000000;15;9449918555;S
20240122;101617;2827.000000000;1;9449919604;B
20240122;101619;2827.000000000;5;9449919838;B
20240122;101619;2827.000000000;5;9449919839;B
20240122;101619;2827.000000000;1;9449919840;B
20240122;101621;2828.000000000;1;9449920173;B
20240122;101621;2828.000000000;1;9449920383;B
20240122;101622;2828.000000000;1;9449920550;B
20240122;101622;2828.000000000;11;9449920776;B
20240122;101623;2828.000000000;7;9449920856;B
20240122;101623;2828.000000000;1;9449920857;B
20240122;101623;2828.500000000;9;9449920858;S
20240122;101625;2828.500000000;1;9449921151;B
20240122;101625;2828.000000000;1;9449921264;S
20240122;101625;2828.000000000;6;9449921290;S
20240122;101634;2827.000000000;9;9449922814;S
20240122;101634;2827.000000000;3;9449922815;S
20240122;101634;2826.500000000;19;9449922816;S
20240122;101634;2826.000000000;12;9449922817;S
20240122;101634;2826.000000000;36;9449922818;S
20240122;101634;2825.500000000;5;9449922819;S
20240122;101634;2825.500000000;1;9449922820;S
20240122;101634;2825.500000000;28;9449922821;S
20240122;101634;2825.500000000;1;9449922822;S
20240122;101634;2825.500000000;30;9449922823;S
20240122;101634;2825.500000000;16;9449922824;S
20240122;101634;2825.000000000;840;9449922825;S
20240122;101636;2825.500000000;1;9449923272;S
20240122;101647;2826.500000000;2;9449925081;B
20240122;101647;2827.000000000;8;9449925082;B
20240122;101648;2827.500000000;1;9449925243;B
20240122;101702;2825.500000000;3;9449927446;S
20240122;101702;2828.000000000;44;9449927480;B
20240122;101702;2828.000000000;9;9449927481;B
20240122;101702;2828.000000000;1;9449927482;B
20240122;101702;2828.000000000;28;9449927483;B
20240122;101702;2828.000000000;9;9449927484;B
20240122;101702;2828.000000000;1;9449927485;B
20240122;101704;2825.500000000;1;9449927766;S
20240122;101706;2825.500000000;1;9449928194;S
20240122;101709;2828.000000000;1;9449928545;B
20240122;101712;2828.000000000;1;9449929047;B
20240122;101720;2826.000000000;3;9449930613;S
20240122;101724;2825.500000000;1;9449931125;S
20240122;101724;2825.500000000;5;9449931126;S
20240122;101731;2827.500000000;6;9449932389;B
20240122;101736;2827.000000000;5;9449933231;S
20240122;101739;2827.000000000;11;9449933758;S
20240122;101739;2827.500000000;3;9449933789;B
20240122;101739;2828.000000000;13;9449933790;B
20240122;101739;2828.000000000;5;9449933791;B
20240122;101739;2828.000000000;50;9449933792;B
20240122;101739;2828.000000000;374;9449933793;B
20240122;101739;2828.000000000;17;9449933794;B
20240122;101739;2828.000000000;6;9449933795;B
20240122;101739;2828.000000000;6;9449933796;B
20240122;101739;2828.000000000;14;9449933797;B
20240122;101739;2828.000000000;5;9449933798;B
20240122;101739;2828.000000000;1;9449933799;B
20240122;101739;2828.000000000;13;9449933804;S
20240122;101739;2828.000000000;8;9449933805;S
20240122;101739;2827.500000000;4;9449933806;S
20240122;101741;2828.500000000;2;9449933988;B
20240122;101749;2828.500000000;13;9449935366;B
20240122;101751;2828.500000000;1;9449935721;B
20240122;101751;2828.000000000;5;9449935765;S
20240122;101755;2827.500000000;3;9449936395;S
20240122;101759;2827.500000000;5;9449937115;S
20240122;101802;2828.000000000;3;9449937666;B
20240122;101802;2828.000000000;7;9449937667;B
20240122;101804;2827.000000000;5;9449938131;S
20240122;101807;2828.000000000;3;9449938817;B
20240122;101819;2828.500000000;25;9449941038;B
20240122;101824;2828.000000000;1;9449941938;S
20240122;101824;2828.000000000;1;9449941939;S
20240122;101825;2828.000000000;3;9449941982;S
20240122;101827;2828.500000000;5;9449942317;B
20240122;101827;2828.500000000;5;9449942318;B
20240122;101828;2828.000000000;2;9449942479;S
20240122;101829;2828.500000000;1;9449942641;B
20240122;101830;2828.500000000;2;9449942874;B
20240122;101831;2828.000000000;1;9449943074;S
20240122;101831;2828.500000000;1;9449943121;B
20240122;101831;2829.000000000;1;9449943124;B
20240122;101837;2829.000000000;2;9449944077;B
20240122;101837;2829.000000000;5;9449944078;B
20240122;101844;2829.000000000;8;9449945116;B
20240122;101844;2829.000000000;1;9449945117;B
20240122;101848;2829.000000000;3;9449945956;S
20240122;101848;2829.000000000;10;9449945957;S
20240122;101848;2828.500000000;8;9449945958;S
20240122;101848;2828.000000000;30;9449945959;S
20240122;101848;2828.000000000;28;9449945960;S
20240122;101848;2828.000000000;2;9449945961;S
20240122;101848;2827.000000000;24;9449945962;S
20240122;101848;2826.500000000;9;9449945963;S
20240122;101848;2826.500000000;30;9449945964;S
20240122;101848;2826.000000000;36;9449945965;S
20240122;101848;2825.500000000;20;9449945966;S
20240122;101853;2829.000000000;2;9449946645;B
20240122;101856;2827.000000000;5;9449947077;S
20240122;101904;2829.000000000;1;9449948476;B
20240122;101907;2829.000000000;1;9449949039;B
20240122;101911;2829.000000000;1;9449949830;B
20240122;101923;2828.000000000;14;9449951871;S
20240122;101925;2829.000000000;10;9449952079;B
20240122;101925;2829.000000000;2;9449952121;B
20240122;101928;2828.000000000;13;9449952572;S
20240122;101933;2829.000000000;4;9449953332;B
20240122;101934;2828.500000000;9;9449953468;S
20240122;101934;2828.500000000;2;9449953469;S
20240122;101938;2828.000000000;9;9449954253;S
20240122;101938;2828.000000000;4;9449954254;S
20240122;101939;2829.000000000;6;9449954577;B
20240122;101939;2829.000000000;4;9449954578;B
20240122;101940;2829.000000000;1;9449954589;B
20240122;101942;2828.500000000;5;9449955201;S
20240122;101942;2828.500000000;3;9449955202;S
20240122;101942;2829.000000000;2;9449955306;B
20240122;101942;2829.000000000;1;9449955307;B
20240122;101943;2828.000000000;14;9449955478;S
20240122;101948;2828.000000000;14;9449956372;S
20240122;101950;2828.000000000;1;9449956713;S
20240122;101953;2828.000000000;13;9449957169;S
20240122;101953;2828.000000000;5;9449957204;S
20240122;101956;2828.000000000;14;9449957650;S
20240122;101956;2828.000000000;8;9449957651;S
20240122;101956;2828.000000000;1;9449957652;S
20240122;101956;2827.500000000;19;9449957653;S
20240122;102019;2829.500000000;1;9449961619;B
20240122;102025;2828.500000000;2;9449962467;S
20240122;102025;2828.500000000;1;9449962468;S
20240122;102029;2829.000000000;1;9449963047;S
20240122;102030;2828.500000000;1;9449963150;S
20240122;102035;2829.000000000;5;9449963712;S
20240122;102036;2828.500000000;4;9449963912;S
20240122;102036;2829.500000000;1;9449963926;B
20240122;102036;2829.500000000;1;9449963927;B
20240122;102036;2830.000000000;1;9449963928;B
20240122;102036;2830.000000000;7;9449963929;B
20240122;102041;2829.500000000;2;9449964953;S
20240122;102047;2829.500000000;1;9449965927;S
20240122;102047;2830.000000000;10;9449965958;B
20240122;102047;2830.000000000;4;9449966075;B
20240122;102047;2830.000000000;1;9449966105;B
20240122;102047;2830.000000000;11;9449966259;B
20240122;102048;2830.000000000;4;9449966303;B
20240122;102048;2830.000000000;10;9449966319;B
20240122;102048;2830.000000000;1;9449966333;B
20240122;102048;2829.500000000;2;9449966396;S
20240122;102048;2830.000000000;18;9449966481;B
20240122;102049;2830.000000000;10;9449966584;B
20240122;102050;2830.000000000;1;9449966719;B
20240122;102050;2830.000000000;3;9449966864;B
20240122;102050;2829.500000000;18;9449966983;S
20240122;102050;2830.000000000;2;9449966987;B
20240122;102050;2830.000000000;1;9449966988;B
20240122;102050;2830.000000000;1;9449966989;B
20240122;102050;2830.000000000;2;9449966990;B
20240122;102050;2830.000000000;3;9449966991;B
20240122;102050;2830.000000000;1;9449966992;B
20240122;102050;2830.000000000;2;9449966998;B
20240122;102051;2830.500000000;3;9449967015;B
20240122;102051;2830.500000000;1;9449967155;B
20240122;102051;2830.500000000;2;9449967156;B
20240122;102051;2830.500000000;3;9449967211;B
20240122;102053;2830.500000000;5;9449967477;B
20240122;102055;2830.500000000;1;9449968055;S
20240122;102057;2831.000000000;1;9449968449;B
20240122;102057;2831.000000000;4;9449968450;B
20240122;102057;2831.500000000;5;9449968451;B
20240122;102100;2831.000000000;1;9449968808;B
20240122;102100;2831.500000000;4;9449968809;B
20240122;102104;2831.500000000;101;9449969843;B
20240122;102104;2831.500000000;1;9449969844;B
20240122;102104;2831.500000000;8;9449969845;B
20240122;102104;2831.500000000;50;9449969846;B
20240122;102104;2831.500000000;1;9449969847;B
20240122;102104;2831.500000000;6;9449969848;B
20240122;102104;2832.000000000;10;9449969849;B
20240122;102104;2832.000000000;33;9449969850;B
20240122;102104;2832.000000000;12;9449969851;B
20240122;102104;2832.000000000;8;9449969852;B
20240122;102104;2832.000000000;20;9449969853;B
20240122;102105;2831.000000000;7;9449969993;S
20240122;102105;2830.500000000;22;9449969998;S
20240122;102105;2830.500000000;5;9449969999;S
20240122;102105;2829.500000000;4;9449970004;S
20240122;102105;2829.500000000;16;9449970005;S
20240122;102110;2832.000000000;4;9449970978;B
20240122;102110;2832.000000000;3;9449970979;B
20240122;102112;2832.500000000;6;9449971396;B
20240122;102112;2833.000000000;1;9449971397;B
20240122;102112;2833.000000000;3;9449971398;B
20240122;102119;2833.000000000;2;9449973543;B
20240122;102125;2833.000000000;4;9449975187;B
20240122;102131;2832.000000000;1;9449976444;S
20240122;102134;2833.000000000;6;9449977013;B
20240122;102134;2833.000000000;2;9449977014;B
20240122;102137;2833.000000000;18;9449977431;B
20240122;102137;2833.000000000;30;9449977432;B
20240122;102137;2833.000000000;52;9449977433;B
20240122;102138;2833.000000000;20;9449977627;B
20240122;102138;2833.000000000;13;9449977664;B
20240122;102138;2833.000000000;8;9449977665;B
20240122;102138;2833.000000000;2;9449977666;B
20240122;102138;2833.000000000;1;9449977667;B
20240122;102138;2833.000000000;1;9449977668;B
20240122;102138;2833.000000000;2;9449977669;B
20240122;102138;2833.000000000;4;9449977670;B
20240122;102138;2833.000000000;1;9449977671;B
20240122;102138;2833.000000000;1;9449977706;B
20240122;102140;2833.000000000;52;9449978067;B
20240122;102140;2833.500000000;7;9449978068;B
20240122;102140;2833.500000000;14;9449978069;B
20240122;102140;2833.000000000;11;9449978268;S
20240122;102141;2833.500000000;3;9449978388;B
20240122;102141;2833.500000000;2;9449978389;B
20240122;102141;2833.500000000;2;9449978390;B
20240122;102141;2833.500000000;2;9449978391;B
20240122;102141;2833.500000000;1;9449978444;B
20240122;102141;2833.500000000;4;9449978454;B
20240122;102141;2834.000000000;1;9449978455;B
20240122;102141;2834.000000000;3;9449978456;B
20240122;102141;2834.000000000;2;9449978457;B
20240122;102141;2834.000000000;1;9449978458;B
20240122;102141;2834.000000000;4;9449978459;B
20240122;102141;2834.000000000;4;9449978461;B
20240122;102141;2834.000000000;12;9449978462;B
20240122;102141;2834.000000000;3;9449978463;B
20240122;102141;2834.000000000;1;9449978464;B
20240122;102143;2834.500000000;5;9449978699;B
20240122;102143;2834.500000000;34;9449978703;B
20240122;102143;2835.000000000;16;9449978704;B
20240122;102143;2834.500000000;1;9449978737;S
20240122;102143;2835.000000000;4;9449978784;B
20240122;102143;2835.000000000;1;9449978785;B
20240122;102143;2835.000000000;30;9449978786;B
20240122;102143;2835.000000000;4;9449978876;B
20240122;102144;2835.000000000;31;9449978901;B
20240122;102144;2835.000000000;269;9449978902;B
20240122;102146;2833.500000000;7;9449979292;S
20240122;102146;2833.000000000;16;9449979294;S
20240122;102146;2832.500000000;4;9449979299;S
20240122;102147;2834.500000000;35;9449979455;B
20240122;102148;2834.500000000;36;9449979712;B
20240122;102150;2834.500000000;25;9449979974;S
20240122;102150;2834.500000000;1;9449979993;S
20240122;102150;2835.000000000;10;9449980049;B
20240122;102150;2835.000000000;15;9449980050;B
20240122;102150;2834.500000000;31;9449980084;S
20240122;102152;2835.000000000;2;9449980345;B
20240122;102153;2835.000000000;50;9449980491;B
20240122;102154;2835.000000000;1;9449980725;B
20240122;102154;2834.500000000;4;9449980727;S
20240122;102155;2834.500000000;15;9449980856;S
20240122;102156;2834.500000000;1;9449980954;S
20240122;102157;2835.000000000;32;9449981366;B
20240122;102157;2835.000000000;5;9449981367;B
20240122;102157;2835.000000000;13;9449981368;B
20240122;102158;2835.000000000;1;9449981514;B
20240122;102159;2834.500000000;7;9449981773;S
20240122;102201;2835.000000000;1;9449981943;B
20240122;102201;2834.500000000;25;9449981959;S
20240122;102201;2835.000000000;1;9449982078;B
20240122;102202;2835.000000000;1;9449982254;B
20240122;102213;2835.500000000;1;9449984310;B
20240122;102216;2834.500000000;27;9449984876;S
20240122;102221;2835.500000000;10;9449985829;B
20240122;102224;2835.500000000;1;9449986592;B
20240122;102225;2835.500000000;2;9449986860;B
20240122;102225;2835.500000000;2;9449986861;B
20240122;102226;2835.500000000;21;9449986934;S
20240122;102226;2835.000000000;2;9449986939;S
20240122;102231;2836.000000000;2;9449987894;B
20240122;102231;2836.000000000;28;9449987895;B
20240122;102231;2836.000000000;13;9449987896;B
20240122;102231;2836.500000000;22;9449987897;B
20240122;102231;2837.000000000;10;9449987898;B
20240122;102231;2837.000000000;18;9449987899;B
20240122;102231;2837.000000000;31;9449987900;B
20240122;102231;2837.500000000;18;9449987901;B
20240122;102231;2837.500000000;138;9449987902;B
20240122;102231;2837.000000000;4;9449988022;B
20240122;102236;2836.500000000;2;9449988956;B
20240122;102236;2836.500000000;2;9449988957;B
20240122;102237;2836.500000000;7;9449989046;B
20240122;102238;2836.500000000;1;9449989244;B
20240122;102238;2836.500000000;2;9449989246;B
20240122;102238;2837.000000000;20;9449989247;B
20240122;102238;2837.000000000;1;9449989248;B
20240122;102238;2837.000000000;17;9449989249;B
20240122;102241;2836.000000000;7;9449989840;S
20240122;102241;2835.500000000;1;9449989842;S
20240122;102241;2835.500000000;1;9449989843;S
20240122;102241;2835.500000000;11;9449989844;S
20240122;102241;2837.000000000;11;9449989847;B
20240122;102241;2837.000000000;12;9449989848;B
20240122;102241;2837.000000000;10;9449989849;B
20240122;102241;2837.500000000;100;9449989850;B
20240122;102241;2837.500000000;39;9449989851;B
20240122;102241;2837.500000000;5;9449989852;B
20240122;102241;2837.500000000;20;9449989853;B
20240122;102241;2837.500000000;36;9449989854;B
20240122;102241;2838.000000000;67;9449989855;B
20240122;102245;2838.000000000;33;9449990503;B
20240122;102245;2838.000000000;1;9449990504;B
20240122;102245;2838.000000000;3;9449990505;B
20240122;102245;2838.000000000;12;9449990506;B
20240122;102245;2838.000000000;5;9449990507;B
20240122;102246;2836.000000000;21;9449990576;S
20240122;102248;2836.000000000;4;9449990937;S
20240122;102250;2838.000000000;1;9449991318;B
20240122;102250;2836.000000000;5;9449991398;S
20240122;102250;2836.000000000;5;9449991399;B
20240122;102250;2836.000000000;11;9449991400;B
20240122;102255;2836.000000000;26;9449992113;S
20240122;102256;2836.000000000;21;9449992324;S
20240122;102301;2835.500000000;22;9449993192;S
20240122;102304;2837.500000000;10;9449993765;B
20240122;102304;2835.500000000;15;9449993848;S
20240122;102305;2835.500000000;2;9449994051;S
20240122;102306;2835.000000000;20;9449994052;S
20240122;102309;2837.000000000;5;9449994581;B
20240122;102309;2837.000000000;5;9449994582;B
20240122;102309;2836.000000000;1;9449994696;S
20240122;102315;2836.500000000;1;9449995838;B
20240122;102315;2836.000000000;1;9449995862;S
20240122;102315;2836.000000000;1;9449995863;S
20240122;102315;2835.500000000;19;9449995872;S
20240122;102316;2836.500000000;2;9449995982;B
20240122;102317;2836.500000000;10;9449996231;B
20240122;102317;2836.500000000;2;9449996232;B
20240122;102317;2836.500000000;1;9449996315;S
20240122;102319;2837.000000000;1;9449996706;B
20240122;102321;2837.000000000;1;9449997165;B
20240122;102325;2837.000000000;1;9449997691;B
20240122;102325;2836.500000000;25;9449997852;S
20240122;102325;2837.000000000;5;9449997866;B
20240122;102326;2837.000000000;7;9449997900;B
20240122;102327;2837.000000000;6;9449998152;B
20240122;102329;2837.000000000;1;9449998377;B
20240122;102331;2836.500000000;12;9449998800;S
20240122;102331;2836.500000000;1;9449998801;S
20240122;102331;2836.000000000;5;9449998805;S
20240122;102331;2835.500000000;8;9449998816;S
20240122;102336;2835.500000000;28;9449999642;S
20240122;102339;2837.000000000;9;9450000390;B
20240122;102339;2837.000000000;11;9450000391;B
20240122;102340;2836.500000000;2;9450000533;B
20240122;102340;2836.500000000;1;9450000552;B
20240122;102340;2837.000000000;48;9450000565;B
20240122;102340;2836.500000000;15;9450000612;B
20240122;102341;2837.000000000;1;9450000679;B
20240122;102341;2837.000000000;2;9450000731;B
20240122;102341;2837.000000000;4;9450000819;B
20240122;102342;2836.500000000;10;9450000969;S
20240122;102342;2836.500000000;2;9450001080;S
20240122;102343;2837.000000000;1;9450001206;B
20240122;102343;2837.000000000;5;9450001235;B
20240122;102343;2837.000000000;1;9450001321;B
20240122;102344;2836.500000000;1;9450001352;S
20240122;102346;2837.000000000;3;9450001810;B
20240122;102347;2837.000000000;4;9450001971;B
20240122;102347;2837.000000000;1;9450002015;B
20240122;102347;2836.500000000;3;9450002050;S
20240122;102348;2837.000000000;2;9450002177;B
20240122;102349;2837.000000000;3;9450002460;B
20240122;102349;2837.000000000;2;9450002461;B
20240122;102349;2837.000000000;1;9450002462;B
20240122;102349;2837.000000000;2;9450002463;B
20240122;102349;2837.500000000;13;9450002464;B
20240122;102349;2837.500000000;10;9450002465;B
20240122;102349;2837.500000000;2;9450002466;B
20240122;102349;2837.500000000;1;9450002467;B
20240122;102349;2837.500000000;2;9450002468;B
20240122;102349;2838.000000000;9;9450002516;B
20240122;102350;2837.000000000;9;9450002566;S
20240122;102355;2838.000000000;3;9450003478;B
20240122;102355;2838.000000000;25;9450003479;B
20240122;102355;2838.000000000;10;9450003480;B
20240122;102355;2838.500000000;12;9450003481;B
20240122;102407;2837.500000000;4;9450005464;S
20240122;102407;2837.000000000;6;9450005465;S
20240122;102408;2838.500000000;60;9450005593;B
20240122;102412;2838.500000000;1;9450006391;B
20240122;102415;2837.500000000;1;9450006933;S
20240122;102416;2838.500000000;85;9450007105;B
20240122;102416;2838.500000000;13;9450007106;B
20240122;102416;2838.500000000;18;9450007107;B
20240122;102416;2838.500000000;2;9450007108;B
20240122;102416;2838.500000000;2;9450007109;B
20240122;102416;2838.500000000;1;9450007116;S
20240122;102419;2838.500000000;75;9450007588;S
20240122;102419;2838.500000000;30;9450007661;S
20240122;102422;2839.000000000;1;9450008041;B
20240122;102422;2839.000000000;4;9450008100;B
20240122;102422;2839.000000000;6;9450008101;B
20240122;102422;2839.000000000;1;9450008102;B
20240122;102422;2839.000000000;1;9450008103;B
20240122;102422;2839.000000000;3;9450008104;B
20240122;102424;2839.000000000;21;9450008366;B
20240122;102424;2839.000000000;15;9450008367;B
20240122;102424;2839.000000000;1;9450008368;B
20240122;102425;2839.500000000;2;9450008538;B
20240122;102426;2839.500000000;1;9450008650;B
20240122;102428;2839.000000000;1;9450008997;S
20240122;102428;2839.000000000;1;9450009117;S
20240122;102429;2839.500000000;3;9450009295;B
20240122;102429;2839.500000000;1;9450009296;B
20240122;102430;2839.000000000;1;9450009378;S
20240122;102432;2839.000000000;2;9450009667;S
20240122;102433;2839.000000000;1;9450009907;S
20240122;102435;2839.500000000;1;9450010230;B
20240122;102435;2839.500000000;4;9450010231;B
20240122;102435;2839.500000000;5;9450010269;B
20240122;102435;2839.500000000;5;9450010330;B
20240122;102435;2839.500000000;1;9450010357;B
20240122;102436;2839.500000000;2;9450010523;B
20240122;102437;2839.500000000;1;9450010616;B
20240122;102438;2839.500000000;1;9450010778;B
20240122;102439;2839.500000000;10;9450010951;B
20240122;102440;2839.500000000;22;9450011031;B
20240122;102440;2839.500000000;25;9450011032;B
20240122;102440;2839.500000000;53;9450011033;B
20240122;102441;2839.500000000;1;9450011469;B
20240122;102443;2839.500000000;2;9450011709;B
20240122;102443;2839.000000000;2;9450011793;S
20240122;102444;2839.500000000;4;9450012007;B
20240122;102446;2839.000000000;25;9450012278;S
20240122;102446;2839.500000000;1;9450012284;B
20240122;102447;2839.500000000;2;9450012420;B
20240122;102448;2839.500000000;4;9450012684;B
20240122;102449;2839.500000000;3;9450012871;B
20240122;102449;2839.500000000;3;9450013019;B
20240122;102450;2839.500000000;1;9450013136;B
20240122;102450;2839.500000000;4;9450013145;B
20240122;102450;2839.500000000;2;9450013151;B
20240122;102450;2839.500000000;8;9450013152;B
20240122;102451;2839.500000000;10;9450013297;B
20240122;102454;2839.500000000;4;9450013675;B
20240122;102454;2839.500000000;2;9450013676;B
20240122;102454;2839.500000000;1;9450013677;B
20240122;102454;2840.000000000;5;9450013678;B
20240122;102454;2840.000000000;1;9450013679;B
20240122;102454;2840.000000000;7;9450013680;B
20240122;102455;2840.000000000;5;9450013744;B
20240122;102455;2840.000000000;5;9450013745;B
20240122;102455;2840.000000000;21;9450013783;B
20240122;102455;2840.000000000;2;9450013784;B
20240122;102455;2840.000000000;3;9450013785;B
20240122;102455;2840.000000000;4;9450013786;B
20240122;102455;2840.000000000;1;9450013787;B
20240122;102455;2840.000000000;14;9450013788;B
20240122;102455;2840.000000000;50;9450013789;B
20240122;102455;2840.000000000;2;9450013790;B
20240122;102455;2840.000000000;100;9450013791;B
20240122;102455;2840.000000000;1;9450013792;B
20240122;102455;2840.000000000;4;9450013793;B
20240122;102455;2840.000000000;33;9450013794;B
20240122;102455;2840.000000000;3;9450013795;B
20240122;102455;2840.000000000;3;9450013796;B
20240122;102455;2840.500000000;10;9450013797;B
20240122;102455;2840.500000000;51;9450013798;B
20240122;102455;2840.500000000;5;9450013799;B
20240122;102455;2840.500000000;8;9450013800;B
20240122;102455;2840.500000000;4;9450013801;B
20240122;102455;2841.000000000;10;9450013802;B
20240122;102455;2841.000000000;45;9450013803;B
20240122;102455;2841.000000000;8;9450013810;B
20240122;102455;2841.000000000;2;9450013811;B
20240122;102455;2841.000000000;3;9450013829;B
20240122;102455;2841.000000000;1;9450013830;B
20240122;102457;2841.000000000;6;9450014178;B
20240122;102457;2841.000000000;1;9450014229;B
20240122;102457;2841.000000000;6;9450014230;B
20240122;102457;2841.000000000;5;9450014231;B
20240122;102457;2841.000000000;5;9450014232;B
20240122;102459;2840.500000000;10;9450014599;S
20240122;102459;2840.500000000;1;9450014600;S
20240122;102459;2840.000000000;2;9450014601;S
20240122;102501;2841.500000000;16;9450014791;B
20240122;102501;2841.500000000;2;9450014972;B
20240122;102502;2841.500000000;2;9450015137;B
20240122;102502;2841.500000000;1;9450015138;B
20240122;102502;2841.500000000;8;9450015139;B
20240122;102502;2841.500000000;1;9450015140;B
20240122;102502;2841.500000000;5;9450015141;B
20240122;102502;2841.500000000;2;9450015154;B
20240122;102502;2841.500000000;4;9450015210;B
20240122;102503;2841.000000000;36;9450015266;S
20240122;102503;2840.500000000;5;9450015267;S
20240122;102503;2840.500000000;3;9450015268;S
20240122;102503;2840.500000000;3;9450015269;S
20240122;102503;2840.500000000;3;9450015270;S
20240122;102503;2840.500000000;3;9450015271;S
20240122;102503;2840.500000000;3;9450015272;S
20240122;102503;2840.500000000;3;9450015273;S
20240122;102503;2840.500000000;3;9450015274;S
20240122;102503;2840.500000000;51;9450015275;S
20240122;102503;2840.000000000;1;9450015276;S
20240122;102503;2840.000000000;1;9450015277;S
20240122;102503;2839.500000000;49;9450015278;S
20240122;102503;2841.500000000;7;9450015295;B
20240122;102503;2841.500000000;7;9450015371;B
20240122;102504;2841.500000000;2;9450015525;B
20240122;102506;2842.000000000;10;9450015759;B
20240122;102506;2842.000000000;4;9450015780;B
20240122;102506;2842.000000000;86;9450015845;B
20240122;102506;2842.000000000;6;9450015846;B
20240122;102506;2842.000000000;3;9450015847;B
20240122;102506;2842.000000000;4;9450015848;B
20240122;102506;2842.000000000;23;9450015849;B
20240122;102506;2842.500000000;2;9450015850;B
20240122;102506;2842.500000000;25;9450015851;B
20240122;102506;2842.500000000;28;9450015852;B
20240122;102506;2842.500000000;23;9450015853;B
20240122;102507;2842.500000000;11;9450016019;B
20240122;102507;2843.000000000;40;9450016020;B
20240122;102507;2843.000000000;16;9450016021;B
20240122;102507;2843.000000000;38;9450016022;B
20240122;102507;2843.000000000;95;9450016023;B
20240122;102507;2843.000000000;1;9450016096;B
20240122;102508;2843.000000000;10;9450016189;B
20240122;102511;2841.000000000;16;9450016648;S
20240122;102511;2843.000000000;4;9450016878;B
20240122;102512;2843.000000000;5;9450016937;B
20240122;102512;2843.000000000;22;9450016938;B
20240122;102512;2843.000000000;3;9450016939;B
20240122;102514;2843.000000000;3;9450017411;B
20240122;102514;2843.000000000;3;9450017412;B
20240122;102514;2843.000000000;3;9450017413;B
20240122;102514;2843.000000000;3;9450017414;B
20240122;102514;2843.500000000;4;9450017415;B
20240122;102514;2843.500000000;5;9450017416;B
20240122;102517;2843.000000000;10;9450017829;B
20240122;102517;2843.000000000;10;9450017830;B
20240122;102517;2843.000000000;10;9450017900;B
20240122;102519;2843.000000000;26;9450018136;B
20240122;102519;2843.500000000;3;9450018137;B
20240122;102519;2843.500000000;3;9450018138;B
20240122;102519;2843.500000000;34;9450018139;B
20240122;102519;2843.500000000;44;9450018140;B
20240122;102519;2843.500000000;7;9450018141;B
20240122;102519;2843.500000000;36;9450018142;B
20240122;102519;2844.000000000;18;9450018143;B
20240122;102519;2844.000000000;34;9450018144;B
20240122;102519;2843.500000000;10;9450018154;B
20240122;102519;2843.500000000;12;9450018167;B
20240122;102519;2844.000000000;16;9450018168;B
20240122;102519;2844.000000000;2;9450018169;B
20240122;102520;2842.000000000;10;9450018254;S
20240122;102521;2844.000000000;3;9450018296;B
20240122;102521;2844.000000000;1;9450018297;B
20240122;102521;2844.000000000;13;9450018298;B
20240122;102522;2844.000000000;25;9450018485;B
20240122;102522;2844.000000000;10;9450018487;B
20240122;102524;2844.000000000;35;9450018921;B
20240122;102524;2844.000000000;8;9450018922;B
20240122;102524;2844.000000000;20;9450018923;B
20240122;102524;2844.000000000;10;9450018924;B
20240122;102524;2844.000000000;3;9450018925;B
20240122;102524;2844.000000000;14;9450018926;B
20240122;102524;2844.000000000;7;9450018927;B
20240122;102524;2844.000000000;13;9450018928;B
20240122;102524;2844.000000000;5;9450018929;B
20240122;102524;2844.000000000;35;9450018930;B
20240122;102526;2844.000000000;17;9450019117;B
20240122;102526;2844.000000000;23;9450019256;B
20240122;102526;2844.000000000;17;9450019257;B
20240122;102527;2844.000000000;4;9450019263;B
20240122;102527;2844.000000000;1;9450019264;B
20240122;102527;2844.000000000;10;9450019265;B
20240122;102527;2844.000000000;1;9450019266;B
20240122;102529;2844.500000000;2;9450019661;B
20240122;102529;2844.500000000;4;9450019662;B
20240122;102532;2844.500000000;2;9450020112;B
20240122;102532;2844.000000000;4;9450020121;S
20240122;102532;2844.000000000;1;9450020122;S
20240122;102533;2844.500000000;94;9450020162;B
20240122;102533;2844.500000000;2;9450020163;B
20240122;102533;2844.500000000;29;9450020164;B
20240122;102534;2844.500000000;1;9450020454;B
20240122;102535;2844.000000000;1;9450020508;S
20240122;102535;2844.500000000;17;9450020521;B
20240122;102535;2844.500000000;3;9450020522;B
20240122;102535;2844.500000000;1;9450020536;B
20240122;102535;2844.500000000;1;9450020539;B
20240122;102536;2844.000000000;3;9450020619;S
20240122;102536;2844.000000000;1;9450020620;S
20240122;102536;2843.000000000;15;9450020623;S
20240122;102536;2843.000000000;17;9450020624;S
20240122;102537;2844.500000000;5;9450020802;B
20240122;102537;2844.500000000;53;9450020803;B
20240122;102537;2844.500000000;21;9450020804;B
20240122;102540;2844.500000000;4;9450021188;S
20240122;102544;2845.000000000;4;9450021639;B
20240122;102544;2845.000000000;25;9450021640;B
20240122;102544;2845.000000000;15;9450021641;B
20240122;102544;2845.000000000;174;9450021642;B
20240122;102544;2845.000000000;10;9450021703;B
20240122;102544;2845.000000000;20;9450021734;B
20240122;102545;2845.000000000;3;9450021828;B
20240122;102545;2845.000000000;293;9450021862;B
20240122;102545;2845.000000000;50;9450021863;B
20240122;102545;2845.000000000;5;9450021864;B
20240122;102545;2845.000000000;1;9450021865;B
20240122;102545;2845.000000000;37;9450021866;B
20240122;102545;2845.000000000;48;9450021867;B
20240122;102545;2845.000000000;50;9450021868;B
20240122;102545;2845.000000000;30;9450021869;B
20240122;102545;2845.000000000;10;9450021870;B
20240122;102545;2845.000000000;10;9450021871;B
20240122;102545;2845.000000000;1;9450021872;B
20240122;102545;2845.500000000;50;9450021873;B
20240122;102545;2845.500000000;7;9450021874;B
20240122;102545;2845.500000000;1;9450021875;B
20240122;102545;2846.000000000;5;9450021876;B
20240122;102545;2846.000000000;28;9450021877;B
20240122;102545;2846.000000000;64;9450021878;B
20240122;102545;2846.000000000;7;9450021879;B
20240122;102545;2846.000000000;16;9450021880;B
20240122;102545;2846.500000000;79;9450021881;B
20240122;102545;2846.500000000;12;9450021882;B
20240122;102545;2847.000000000;36;9450021883;B
20240122;102545;2847.000000000;2;9450021884;B
20240122;102545;2847.000000000;3;9450021885;B
20240122;102545;2847.000000000;12;9450021886;B
20240122;102545;2847.000000000;5;9450021887;B
20240122;102545;2847.000000000;112;9450021888;B
20240122;102545;2847.500000000;2;9450021889;B
20240122;102545;2847.500000000;24;9450021890;B
20240122;102545;2845.000000000;1;9450021908;S
20240122;102545;2847.000000000;24;9450021915;B
20240122;102545;2847.000000000;2;9450021923;S
20240122;102546;2847.000000000;2;9450022017;S
20240122;102546;2845.000000000;5;9450022078;S
20240122;102546;2847.000000000;4;9450022152;B
20240122;102548;2847.000000000;18;9450022313;B
20240122;102548;2847.500000000;26;9450022314;B
20240122;102548;2847.500000000;28;9450022315;B
20240122;102548;2848.000000000;1;9450022316;B
20240122;102548;2848.000000000;5;9450022317;B
20240122;102548;2848.000000000;1;9450022318;B
20240122;102548;2848.000000000;47;9450022319;B
20240122;102548;2848.000000000;100;9450022320;B
20240122;102548;2848.000000000;7;9450022321;B
20240122;102548;2848.500000000;1;9450022322;B
20240122;102548;2848.500000000;1;9450022323;B
20240122;102548;2848.500000000;65;9450022324;B
20240122;102548;2848.500000000;40;9450022325;B
20240122;102548;2849.000000000;500;9450022326;B
20240122;102548;2849.000000000;18;9450022327;B
20240122;102548;2849.000000000;28;9450022328;B
20240122;102548;2849.000000000;84;9450022329;B
20240122;102548;2849.500000000;1;9450022330;B
20240122;102548;2849.500000000;1;9450022331;B
20240122;102548;2849.500000000;28;9450022332;B
20240122;102548;2848.500000000;5;9450022334;B
20240122;102548;2848.000000000;5;9450022339;B
20240122;102548;2846.000000000;53;9450022354;S
20240122;102548;2846.000000000;28;9450022355;S
20240122;102548;2846.000000000;8;9450022356;S
20240122;102548;2845.500000000;11;9450022357;S
20240122;102548;2848.000000000;8;9450022370;S
20240122;102548;2846.500000000;2;9450022371;S
20240122;102548;2848.500000000;64;9450022376;B
20240122;102548;2849.000000000;108;9450022377;B
20240122;102548;2849.500000000;75;9450022378;B
20240122;102548;2849.500000000;3;9450022379;B
20240122;102550;2848.000000000;2;9450022735;S
20240122;102551;2848.500000000;36;9450022858;B
20240122;102551;2849.000000000;11;9450022859;B
20240122;102551;2849.000000000;1;9450022860;B
20240122;102551;2849.000000000;2;9450022861;B
20240122;102552;2849.000000000;27;9450022928;B
20240122;102552;2849.000000000;26;9450022929;B
20240122;102552;2849.500000000;33;9450023054;B
20240122;102553;2849.500000000;10;9450023111;B
20240122;102553;2849.500000000;10;9450023114;B
20240122;102554;2849.500000000;2;9450023337;B
20240122;102554;2849.500000000;33;9450023338;B
20240122;102556;2849.500000000;11;9450023598;B
20240122;102556;2849.500000000;1;9450023599;B
20240122;102556;2849.500000000;7;9450023600;B
20240122;102556;2850.000000000;2;9450023601;B
20240122;102556;2850.000000000;1;9450023602;B
20240122;102556;2850.000000000;2;9450023603;B
20240122;102556;2850.000000000;2;9450023604;B
20240122;102556;2850.000000000;1;9450023605;B
20240122;102556;2850.000000000;1;9450023606;B
20240122;102556;2850.000000000;1;9450023607;B
20240122;102556;2850.000000000;2;9450023608;B
20240122;102556;2850.000000000;4;9450023609;B
20240122;102556;2850.000000000;1;9450023610;B
20240122;102556;2850.000000000;2;9450023611;B
20240122;102556;2850.000000000;12;9450023612;B
20240122;102556;2850.000000000;30;9450023668;B
20240122;102556;2850.000000000;1;9450023714;B
20240122;102557;2850.000000000;4;9450023760;B
20240122;102557;2850.000000000;24;9450023761;B
20240122;102557;2850.000000000;2;9450023762;B
20240122;102557;2850.000000000;5;9450023763;B
20240122;102557;2850.000000000;15;9450023764;B
20240122;102557;2850.000000000;20;9450023765;B
20240122;102557;2850.000000000;1;9450023766;B
20240122;102557;2850.500000000;65;9450023767;B
20240122;102557;2850.500000000;7;9450023768;B
20240122;102557;2851.000000000;28;9450023769;B
20240122;102557;2851.000000000;29;9450023770;B
20240122;102557;2850.500000000;1;9450023783;S
20240122;102557;2850.500000000;16;9450023794;S
20240122;102557;2850.500000000;9;9450023797;S
20240122;102557;2850.000000000;35;9450023798;S
20240122;102557;2851.000000000;1;9450023895;B
20240122;102557;2851.000000000;50;9450023927;B
20240122;102558;2850.500000000;21;9450023944;S
20240122;102558;2850.500000000;2;9450024034;B
20240122;102558;2850.500000000;5;9450024111;B
20240122;102558;2850.500000000;5;9450024231;B
20240122;102558;2850.500000000;67;9450024344;B
20240122;102600;2850.500000000;10;9450024653;S
20240122;102601;2851.000000000;4;9450024783;B
20240122;102601;2851.000000000;42;9450024784;B
20240122;102601;2851.000000000;20;9450024785;B
20240122;102601;2851.000000000;1;9450024846;B
20240122;102601;2851.000000000;21;9450024908;B
20240122;102601;2851.000000000;36;9450024909;B
20240122;102601;2851.500000000;32;9450024910;B
20240122;102601;2851.500000000;45;9450024911;B
20240122;102601;2851.500000000;7;9450024912;B
20240122;102602;2852.000000000;8;9450024948;B
20240122;102602;2852.000000000;5;9450025020;B
20240122;102602;2851.500000000;9;9450025027;S
20240122;102602;2850.500000000;23;9450025028;S
20240122;102602;2850.500000000;1;9450025029;S
20240122;102603;2852.000000000;10;9450025105;B
20240122;102603;2852.000000000;27;9450025238;B
20240122;102603;2852.000000000;1;9450025239;B
20240122;102603;2852.000000000;22;9450025240;B
20240122;102605;2851.000000000;10;9450025527;B
20240122;102607;2852.000000000;20;9450025814;B
20240122;102607;2852.000000000;25;9450025815;B
20240122;102607;2852.000000000;1;9450025816;B
20240122;102607;2852.500000000;2;9450025817;B
20240122;102607;2852.500000000;1;9450025818;B
20240122;102607;2852.500000000;7;9450025819;B
20240122;102607;2852.500000000;42;9450025820;B
20240122;102607;2852.500000000;36;9450025821;B
20240122;102607;2852.500000000;2;9450025845;S
20240122;102608;2853.000000000;1;9450025944;B
20240122;102608;2853.000000000;17;9450025945;B
20240122;102609;2853.000000000;4;9450026076;B
20240122;102609;2853.000000000;20;9450026080;B
20240122;102609;2852.500000000;17;9450026139;S
20240122;102610;2853.000000000;4;9450026257;B
20240122;102611;2853.000000000;14;9450026311;B
20240122;102611;2853.000000000;1;9450026312;B
20240122;102611;2853.000000000;20;9450026316;B
20240122;102611;2852.500000000;2;9450026359;S
20240122;102611;2852.500000000;1;9450026387;S
20240122;102611;2852.500000000;1;9450026430;S
20240122;102612;2852.500000000;15;9450026495;S
20240122;102613;2853.000000000;10;9450026628;B
20240122;102613;2853.000000000;7;9450026629;B
20240122;102613;2853.000000000;1;9450026630;B
20240122;102613;2853.000000000;1;9450026631;B
20240122;102613;2853.000000000;1;9450026632;B
20240122;102613;2853.000000000;50;9450026633;B
20240122;102613;2853.000000000;87;9450026634;B
20240122;102613;2853.000000000;28;9450026635;B
20240122;102613;2853.000000000;15;9450026636;B
20240122;102613;2852.500000000;6;9450026733;S
20240122;102614;2852.500000000;10;9450026743;S
20240122;102614;2852.500000000;1;9450026774;S
20240122;102614;2852.500000000;10;9450026837;S
20240122;102614;2853.000000000;75;9450026875;B
20240122;102616;2853.000000000;5;9450027058;B
20240122;102616;2853.000000000;1;9450027078;B
20240122;102616;2852.500000000;1;9450027117;S
20240122;102616;2852.500000000;40;9450027118;S
20240122;102616;2852.500000000;3;9450027158;S
20240122;102617;2852.500000000;25;9450027202;S
20240122;102617;2852.500000000;2;9450027205;S
20240122;102617;2852.500000000;1;9450027221;S
20240122;102617;2853.000000000;10;9450027272;B
20240122;102617;2853.000000000;20;9450027273;B
20240122;102617;2852.500000000;128;9450027284;S
20240122;102617;2852.000000000;7;9450027285;S
20240122;102617;2852.000000000;1;9450027286;S
20240122;102618;2851.500000000;10;9450027403;B
20240122;102618;2851.000000000;3;9450027427;S
20240122;102619;2851.500000000;8;9450027503;B
20240122;102620;2851.000000000;27;9450027578;S
20240122;102620;2851.000000000;1;9450027579;S
20240122;102620;2850.500000000;22;9450027580;S
20240122;102621;2850.500000000;20;9450027720;S
20240122;102621;2850.500000000;42;9450027784;S
20240122;102622;2851.000000000;1;9450027836;B
20240122;102622;2851.000000000;7;9450027857;B
20240122;102622;2851.000000000;1;9450027858;B
20240122;102622;2850.500000000;76;9450027880;S
20240122;102622;2850.000000000;15;9450027881;S
20240122;102622;2850.000000000;9;9450027882;S
20240122;102622;2850.000000000;1;9450027896;S
20240122;102622;2850.500000000;1;9450027950;B
20240122;102623;2850.000000000;1;9450027957;S
20240122;102623;2850.000000000;24;9450028026;S
20240122;102623;2849.500000000;2;9450028027;S
20240122;102624;2850.000000000;2;9450028111;B
20240122;102624;2850.000000000;7;9450028112;B
20240122;102624;2850.500000000;35;9450028113;B
20240122;102624;2850.500000000;48;9450028114;B
20240122;102624;2850.500000000;2;9450028115;B
20240122;102624;2851.000000000;10;9450028116;B
20240122;102624;2851.000000000;10;9450028117;B
20240122;102624;2851.000000000;6;9450028118;B
20240122;102626;2849.000000000;20;9450028398;S
20240122;102626;2849.000000000;10;9450028399;S
20240122;102626;2848.500000000;10;9450028401;S
20240122;102628;2849.000000000;4;9450028642;B
20240122;102628;2849.000000000;32;9450028681;B
20240122;102628;2849.000000000;7;9450028682;B
20240122;102628;2849.500000000;50;9450028683;B
20240122;102628;2850.000000000;1;9450028684;B
20240122;102628;2850.000000000;87;9450028685;B
20240122;102628;2850.500000000;10;9450028686;B
20240122;102628;2850.500000000;24;9450028687;B
20240122;102628;2850.500000000;24;9450028688;B
20240122;102628;2850.500000000;8;9450028689;B
20240122;102628;2850.500000000;28;9450028690;B
20240122;102628;2851.000000000;40;9450028691;B
20240122;102628;2851.000000000;25;9450028692;B
20240122;102628;2851.500000000;25;9450028693;B
20240122;102628;2851.500000000;10;9450028694;B
20240122;102628;2851.500000000;31;9450028695;B
20240122;102628;2851.500000000;10;9450028696;B
20240122;102628;2851.500000000;1;9450028697;S
20240122;102629;2851.500000000;250;9450028725;S
20240122;102629;2851.500000000;1;9450028793;S
20240122;102629;2851.500000000;1;9450028794;S
20240122;102632;2851.500000000;20;9450029210;S
20240122;102632;2851.500000000;1;9450029256;S
20240122;102633;2851.500000000;8;9450029300;S
20240122;102633;2852.000000000;20;9450029311;B
20240122;102633;2851.500000000;20;9450029333;S
20240122;102633;2851.500000000;1;9450029387;S
20240122;102634;2851.500000000;100;9450029395;S
20240122;102634;2851.500000000;185;9450029436;S
20240122;102634;2851.000000000;1;9450029437;S
20240122;102635;2851.000000000;4;9450029548;B
20240122;102635;2850.500000000;1;9450029594;S
20240122;102635;2850.500000000;9;9450029599;S
20240122;102635;2850.000000000;2;9450029600;S
20240122;102635;2849.000000000;2;9450029602;S
20240122;102635;2849.000000000;1;9450029603;S
20240122;102635;2849.000000000;1;9450029604;S
20240122;102635;2848.500000000;30;9450029606;S
20240122;102635;2851.000000000;8;9450029633;B
20240122;102639;2850.500000000;1;9450030173;B
20240122;102639;2850.500000000;1;9450030179;B
20240122;102639;2851.000000000;24;9450030180;B
20240122;102639;2851.000000000;27;9450030181;B
20240122;102639;2851.000000000;5;9450030182;B
20240122;102639;2851.000000000;1;9450030185;S
20240122;102640;2851.000000000;1;9450030244;S
20240122;102640;2851.000000000;25;9450030270;S
20240122;102641;2851.000000000;50;9450030433;S
20240122;102642;2851.000000000;100;9450030529;S
20240122;102642;2851.500000000;15;9450030553;B
20240122;102642;2851.500000000;85;9450030554;B
20240122;102642;2851.000000000;2;9450030576;S
20240122;102643;2851.500000000;1;9450030709;B
20240122;102643;2851.500000000;1;9450030750;B
20240122;102643;2851.500000000;2;9450030752;B
20240122;102645;2851.000000000;25;9450031126;S
20240122;102646;2851.000000000;83;9450031151;S
20240122;102646;2851.500000000;1;9450031154;B
20240122;102646;2851.000000000;100;9450031203;S
20240122;102647;2851.000000000;25;9450031345;S
20240122;102647;2851.500000000;7;9450031409;B
20240122;102647;2851.000000000;5;9450031415;S
20240122;102648;2851.500000000;1;9450031429;B
20240122;102648;2851.500000000;1;9450031497;B
20240122;102648;2851.000000000;50;9450031530;S
20240122;102649;2851.000000000;25;9450031631;S
20240122;102650;2851.500000000;1;9450031677;B
20240122;102650;2851.500000000;10;9450031678;B
20240122;102650;2851.500000000;20;9450031679;B
20240122;102650;2851.500000000;36;9450031680;B
20240122;102650;2851.500000000;20;9450031681;B
20240122;102650;2851.500000000;3;9450031682;B
20240122;102650;2851.000000000;91;9450031779;S
20240122;102651;2851.000000000;7;9450031869;S
20240122;102651;2851.000000000;1;9450031956;S
20240122;102651;2851.000000000;17;9450031958;S
20240122;102652;2851.500000000;1;9450032039;B
20240122;102652;2851.500000000;35;9450032060;B
20240122;102652;2851.500000000;8;9450032061;B
20240122;102652;2851.500000000;57;9450032062;B
20240122;102652;2851.000000000;50;9450032082;S
20240122;102653;2851.500000000;125;9450032200;B
20240122;102654;2851.000000000;50;9450032264;S
20240122;102655;2851.000000000;1;9450032384;S
20240122;102655;2851.000000000;25;9450032409;S
20240122;102656;2851.000000000;89;9450032629;S
20240122;102656;2851.000000000;19;9450032634;S
20240122;102656;2851.500000000;1;9450032652;B
20240122;102656;2851.000000000;1;9450032717;S
20240122;102656;2851.000000000;20;9450032718;S
20240122;102656;2851.000000000;1;9450032719;S
20240122;102656;2851.000000000;10;9450032720;S
20240122;102657;2850.000000000;2;9450032775;S
20240122;102658;2850.500000000;1;9450033023;B
20240122;102658;2850.000000000;1;9450033025;S
20240122;102659;2850.000000000;12;9450033108;S
20240122;102659;2850.000000000;1;9450033109;S
20240122;102659;2850.000000000;10;9450033110;S
20240122;102659;2849.000000000;2;9450033111;S
20240122;102701;2849.500000000;5;9450033346;B
20240122;102701;2849.000000000;3;9450033389;S
20240122;102701;2848.500000000;60;9450033395;S
20240122;102701;2848.500000000;18;9450033396;S
20240122;102701;2849.000000000;8;9450033430;B
20240122;102701;2849.000000000;2;9450033431;B
20240122;102702;2849.000000000;3;9450033502;B
20240122;102703;2848.500000000;50;9450033785;S
20240122;102704;2848.500000000;32;9450033892;S
20240122;102704;2848.500000000;1;9450033893;S
20240122;102705;2848.500000000;7;9450034031;B
20240122;102705;2848.000000000;1;9450034037;S
20240122;102706;2845.500000000;20;9450034130;S
20240122;102706;2845.500000000;20;9450034131;S
20240122;102706;2845.000000000;5;9450034132;S
20240122;102706;2844.500000000;1;9450034134;S
20240122;102706;2844.500000000;2;9450034135;S
20240122;102706;2844.500000000;28;9450034136;S
20240122;102706;2844.500000000;21;9450034139;S
20240122;102706;2844.000000000;8;9450034140;S
20240122;102706;2844.000000000;1;9450034141;S
20240122;102706;2844.000000000;4;9450034142;S
20240122;102711;2844.000000000;3;9450034696;S
20240122;102711;2844.000000000;3;9450034697;S
20240122;102711;2844.000000000;3;9450034698;S
20240122;102711;2844.000000000;3;9450034699;S
20240122;102711;2844.000000000;3;9450034700;S
20240122;102711;2844.000000000;3;9450034701;S
20240122;102711;2843.500000000;20;9450034702;S
20240122;102711;2843.500000000;31;9450034703;S
20240122;102711;2843.500000000;2;9450034705;S
20240122;102713;2844.500000000;2;9450035064;B
20240122;102716;2844.500000000;1;9450035484;S
20240122;102716;2844.500000000;1;9450035543;S
20240122;102717;2845.000000000;20;9450035683;B
20240122;102718;2844.500000000;1;9450035696;S
20240122;102718;2844.500000000;25;9450035778;S
20240122;102718;2844.500000000;5;9450035779;S
20240122;102718;2845.000000000;7;9450035783;B
20240122;102718;2844.500000000;2;9450035796;S
20240122;102720;2844.500000000;1;9450035997;B
20240122;102721;2844.000000000;4;9450036100;S
20240122;102721;2844.000000000;58;9450036101;S
20240122;102721;2844.000000000;2;9450036146;S
20240122;102721;2844.500000000;1;9450036169;B
20240122;102722;2844.500000000;1;9450036220;B
20240122;102722;2844.000000000;1;9450036299;S
20240122;102722;2844.500000000;10;9450036350;B
20240122;102725;2844.500000000;15;9450036794;B
20240122;102725;2844.000000000;39;9450036833;S
20240122;102725;2844.000000000;8;9450036834;S
20240122;102725;2844.000000000;2;9450036835;S
20240122;102725;2843.000000000;10;9450036836;S
20240122;102727;2843.000000000;1;9450037167;S
20240122;102728;2844.500000000;1;9450037304;B
20240122;102728;2844.500000000;36;9450037305;B
20240122;102728;2844.500000000;13;9450037306;B
20240122;102729;2844.000000000;5;9450037359;S
20240122;102730;2844.500000000;22;9450037500;B
20240122;102730;2844.500000000;3;9450037501;B
20240122;102730;2844.500000000;3;9450037502;B
20240122;102730;2845.000000000;3;9450037503;B
20240122;102730;2845.000000000;20;9450037504;B
20240122;102730;2844.000000000;7;9450037554;S
20240122;102730;2844.000000000;8;9450037555;S
20240122;102730;2844.000000000;2;9450037556;S
20240122;102730;2844.000000000;28;9450037557;S
20240122;102731;2843.500000000;10;9450037561;S
20240122;102734;2844.500000000;1;9450037966;B
20240122;102736;2843.500000000;28;9450038262;S
20240122;102736;2843.500000000;8;9450038263;S
20240122;102736;2843.500000000;15;9450038264;S
20240122;102737;2843.500000000;5;9450038335;S
20240122;102738;2844.000000000;15;9450038419;B
20240122;102740;2844.000000000;2;9450038788;B
20240122;102741;2843.500000000;1;9450038876;S
20240122;102741;2843.500000000;8;9450038877;S
20240122;102741;2843.000000000;9;9450038879;S
20240122;102741;2843.000000000;1;9450038880;S
20240122;102741;2843.000000000;3;9450038881;S
20240122;102741;2843.000000000;25;9450038882;S
20240122;102743;2844.000000000;19;9450039266;B
20240122;102743;2844.000000000;28;9450039267;B
20240122;102746;2843.000000000;2;9450039537;S
20240122;102746;2843.000000000;24;9450039538;S
20240122;102746;2843.000000000;8;9450039539;S
20240122;102746;2843.000000000;4;9450039540;S
20240122;102746;2843.000000000;4;9450039541;S
20240122;102746;2842.500000000;2;9450039543;S
