<DATE>;<TIME>;<LAST>;<VOL>;<ID>;<OPER>
20240226;095951;3120;2;9696768528;S
20240226;095951;3120;2;9696768529;S
20240226;095951;3120;1;9696768530;S
20240226;095951;3120;18;9696768531;S
20240226;095951;3120;4;9696768532;S
20240226;095951;3120;2;9696768533;S
20240226;095951;3120;1;9696768534;S
20240226;095951;3120;2;9696768535;S
20240226;095951;3120;1;9696768536;S
20240226;095951;3120;27;9696768537;S
20240226;095951;3120;13;9696768538;S
20240226;095951;3120;1;9696768539;S
20240226;095951;3120;23;9696768540;S
20240226;095951;3120;3;9696768541;S
20240226;095951;3120;50;9696768542;S
20240226;095951;3120;1;9696768543;S
20240226;095951;3120;3;9696768544;B
20240226;095951;3120;5;9696768545;B
20240226;095951;3120;1;9696768546;S
20240226;095951;3120;3;9696768547;S
20240226;095951;3120;1;9696768548;S
20240226;095951;3120;3;9696768549;S
20240226;095951;3120;1;9696768550;S
20240226;095951;3120;2;9696768551;S
20240226;095951;3120;1;9696768552;S
20240226;095951;3120;2;9696768553;S
20240226;095951;3120;7;9696768554;S
20240226;095951;3120;2;9696768555;S
20240226;095951;3120;1;9696768556;S
20240226;095951;3120;77;9696768557;S
20240226;095951;3120;4;9696768558;S
20240226;095951;3120;169;9696768559;S
20240226;095951;3120;1;9696768560;S
20240226;095951;3120;3;9696768561;S
20240226;095951;3120;1;9696768562;B
20240226;095951;3120;4;9696768563;S
20240226;095951;3120;1;9696768564;B
20240226;095951;3120;1;9696768565;B
20240226;095951;3120;25;9696768566;S
20240226;095951;3120;4;9696768567;S
20240226;095951;3120;1;9696768568;S
20240226;095951;3120;8;9696768569;S
20240226;095951;3120;2;9696768570;S
20240226;095951;3120;2;9696768571;S
20240226;095951;3120;1;9696768572;B
20240226;095951;3120;8;9696768573;B
20240226;095951;3120;3;9696768574;B
20240226;095951;3120;4;9696768575;B
20240226;095951;3120;1;9696768576;B
20240226;095951;3120;1;9696768577;B
20240226;095951;3120;24;9696768578;S
20240226;095951;3120;1;9696768579;S
20240226;095951;3120;1;9696768580;B
20240226;095951;3120;1;9696768581;B
20240226;095951;3120;1;9696768582;B
20240226;095951;3120;1;9696768583;B
20240226;095951;3120;1;9696768584;B
20240226;095951;3120;1;9696768585;S
20240226;095951;3120;1;9696768586;S
20240226;095951;3120;1;9696768587;S
20240226;095951;3120;1;9696768588;S
20240226;095951;3120;1;9696768589;S
20240226;095951;3120;1;9696768590;S
20240226;095951;3120;2;9696768591;S
20240226;095951;3120;1;9696768592;S
20240226;095951;3120;1;9696768593;S
20240226;095951;3120;3;9696768594;S
20240226;095951;3120;3;9696768595;S
20240226;095951;3120;1;9696768596;S
20240226;095951;3120;3;9696768597;S
20240226;095951;3120;4;9696768598;S
20240226;095951;3120;40;9696768599;B
20240226;095951;3120;33;9696768600;B
20240226;095951;3120;15;9696768601;B
20240226;095951;3120;25;9696768602;B
20240226;095951;3120;10;9696768603;B
20240226;095951;3120;3;9696768604;B
20240226;095951;3120;3;9696768605;B
20240226;095951;3120;3;9696768606;B
20240226;095951;3120;1;9696768607;B
20240226;095951;3120;7;9696768608;B
20240226;095951;3120;3;9696768609;B
20240226;095951;3120;7;9696768610;S
20240226;095951;3120;1;9696768611;B
20240226;095951;3120;4;9696768612;S
20240226;095951;3120;1;9696768613;B
20240226;095951;3120;14;9696768614;B
20240226;095951;3120;1;9696768615;B
20240226;095951;3120;2;9696768616;B
20240226;095951;3120;1;9696768617;B
20240226;095951;3120;2;9696768618;B
20240226;095951;3120;25;9696768619;S
20240226;095951;3120;2;9696768620;S
20240226;095951;3120;100;9696768621;S
20240226;095951;3120;3;9696768622;S
20240226;095951;3120;2;9696768623;S
20240226;095951;3120;1;9696768624;B
20240226;095951;3120;1;9696768625;B
20240226;095951;3120;1;9696768626;S
20240226;095951;3120;1;9696768627;S
20240226;095951;3120;2;9696768628;B
20240226;095951;3120;4;9696768629;S
20240226;095951;3120;13;9696768630;B
20240226;095951;3120;1;9696768631;B
20240226;095951;3120;23;9696768632;B
20240226;095951;3120;7;9696768633;B
20240226;095951;3120;3;9696768634;S
20240226;095951;3120;10;9696768635;B
20240226;095951;3120;1;9696768636;B
20240226;095951;3120;1;9696768637;B
20240226;095951;3120;1;9696768638;S
20240226;095951;3120;1;9696768639;S
20240226;095951;3120;1;9696768640;B
20240226;095951;3120;4;9696768641;S
20240226;095951;3120;1;9696768642;B
20240226;095951;3120;1;9696768643;B
20240226;095951;3120;1;9696768644;B
20240226;095951;3120;1;9696768645;B
20240226;095951;3120;2;9696768646;B
20240226;095951;3120;25;9696768647;S
20240226;095951;3120;20;9696768648;B
20240226;095951;3120;5;9696768649;B
20240226;095951;3120;11;9696768650;B
20240226;095951;3120;2;9696768651;B
20240226;095951;3120;4;9696768652;S
20240226;095951;3120;3;9696768653;B
20240226;095951;3120;1;9696768654;B
20240226;095951;3120;1;9696768655;B
20240226;095951;3120;17;9696768656;B
20240226;095951;3120;1;9696768657;S
20240226;095951;3120;10;9696768658;B
20240226;095951;3120;1;9696768659;B
20240226;095951;3120;1;9696768660;B
20240226;095951;3120;1;9696768661;S
20240226;095951;3120;30;9696768662;B
20240226;095951;3120;5;9696768663;S
20240226;095951;3120;28;9696768664;S
20240226;095951;3120;10;9696768665;B
20240226;095951;3120;1;9696768666;B
20240226;095951;3120;2;9696768667;S
20240226;095951;3120;3;9696768668;S
20240226;095951;3120;1;9696768669;B
20240226;095951;3120;1;9696768670;B
20240226;095951;3120;10;9696768671;B
20240226;095951;3120;134;9696768672;B
20240226;095951;3120;707;9696768673;B
20240226;095951;3120;208;9696768674;B
20240226;095951;3120;50;9696768675;B
20240226;095951;3120;20;9696768676;B
20240226;095951;3120;1;9696768677;B
20240226;095951;3120;28;9696768678;B
20240226;095951;3120;16;9696768679;B
20240226;095951;3120;268;9696768680;B
20240226;095951;3120;89;9696768681;B
20240226;095951;3120;10;9696768682;B
20240226;095951;3120;10;9696768683;B
20240226;095951;3120;1;9696768684;B
20240226;095951;3120;7;9696768685;B
20240226;095951;3120;1;9696768686;B
20240226;095951;3120;18;9696768687;B
20240226;095951;3120;2;9696768688;B
20240226;095951;3120;2;9696768689;B
20240226;095951;3120;1;9696768690;B
20240226;095951;3120;100;9696768691;B
20240226;095951;3120;70;9696768692;B
20240226;095951;3120;30;9696768693;B
20240226;095951;3120;1;9696768694;B
20240226;095951;3120;3;9696768695;B
20240226;095951;3120;15;9696768696;B
20240226;095951;3120;4;9696768697;B
20240226;095951;3120;5;9696768698;B
20240226;095951;3120;4;9696768699;B
20240226;095951;3120;12;9696768700;S
20240226;095951;3120;10;9696768701;B
20240226;100000;3110;10;9696775654;S
20240226;100000;3109;2;9696775856;S
20240226;100000;3100.5;10;9696776255;S
20240226;100000;3100.5;16;9696776607;B
20240226;100000;3100.5;4;9696776968;B
20240226;100000;3100.5;16;9696776969;B
20240226;100000;3100.5;4;9696776971;B
20240226;100000;3100.5;16;9696776972;B
20240226;100000;3100.5;20;9696776973;B
20240226;100000;3100.5;14;9696776974;B
20240226;100000;3100.5;6;9696776975;B
20240226;100000;3100.5;20;9696776976;B
20240226;100000;3100.5;14;9696776977;B
20240226;100000;3100.5;6;9696776978;B
20240226;100000;3100.5;4;9696776984;B
20240226;100000;3101;20;9696777053;S
20240226;100000;3101;20;9696777054;S
20240226;100000;3100.5;40;9696777055;S
20240226;100000;3100.5;10;9696777257;S
20240226;100000;3103;25;9696777635;B
20240226;100000;3107.5;50;9696777809;B
20240226;100000;3107.5;15;9696777810;B
20240226;100001;3105.5;1;9696777990;B
20240226;100001;3103;1;9696778124;S
20240226;100001;3101.5;6;9696778125;S
20240226;100001;3101;21;9696778126;S
20240226;100001;3101;1;9696778142;S
20240226;100001;3105.5;10;9696778354;B
20240226;100001;3103.5;50;9696779295;B
20240226;100001;3103.5;50;9696779348;B
20240226;100001;3100;1;9696779380;S
20240226;100001;3100;9;9696779437;S
20240226;100001;3100;16;9696779438;S
20240226;100001;3103.5;24;9696779442;B
20240226;100001;3103.5;10;9696779461;B
20240226;100001;3103.5;3;9696779594;B
20240226;100001;3100;43;9696779742;S
20240226;100002;3100;1;9696780136;S
20240226;100002;3102;1;9696780210;B
20240226;100002;3102.5;1;9696780376;B
20240226;100002;3102.5;32;9696780440;B
20240226;100002;3102.5;1;9696780578;S
20240226;100002;3102;9;9696780595;B
20240226;100002;3102;20;9696780781;B
20240226;100002;3100;5;9696780967;S
20240226;100002;3100;30;9696780968;S
20240226;100002;3098.5;25;9696780969;S
20240226;100002;3098.5;9;9696780989;B
20240226;100002;3098.5;4;9696780990;B
20240226;100002;3098.5;177;9696780991;B
20240226;100002;3101.5;33;9696781606;B
20240226;100002;3102;17;9696781607;B
20240226;100003;3101.5;50;9696781904;B
20240226;100003;3101.5;33;9696781905;B
20240226;100003;3102;53;9696781906;B
20240226;100003;3103;25;9696781907;B
20240226;100003;3103.5;183;9696781908;B
20240226;100003;3103.5;80;9696781909;B
20240226;100003;3106.5;25;9696781910;B
20240226;100003;3108;25;9696781911;B
20240226;100003;3109;1;9696781912;B
20240226;100003;3111;50;9696781913;B
20240226;100003;3111.5;167;9696781914;B
20240226;100003;3101.5;33;9696781970;B
20240226;100003;3105;2;9696782019;S
20240226;100003;3103.5;50;9696782236;S
20240226;100003;3104;25;9696782246;S
20240226;100003;3103;25;9696782247;S
20240226;100003;3103.5;10;9696782254;S
20240226;100003;3103.5;30;9696782262;S
20240226;100003;3104;25;9696782268;S
20240226;100003;3103.5;70;9696782269;S
20240226;100003;3100.5;5;9696782270;S
20240226;100003;3100.5;10;9696782279;S
20240226;100003;3103;20;9696782293;S
20240226;100003;3103.5;20;9696782397;S
20240226;100003;3103.5;5;9696782408;S
20240226;100003;3103;45;9696782409;S
20240226;100003;3103.5;25;9696782420;S
20240226;100003;3103;25;9696782421;S
20240226;100003;3101.5;20;9696782432;S
20240226;100003;3100;40;9696782439;S
20240226;100003;3103;33;9696782596;B
20240226;100003;3103.5;17;9696782597;B
20240226;100003;3100;1;9696783525;S
20240226;100003;3100;25;9696783526;S
20240226;100003;3100;24;9696783533;B
20240226;100003;3103.5;16;9696783538;B
20240226;100004;3099.5;3;9696784132;S
20240226;100004;3102.5;33;9696784257;B
20240226;100004;3102.5;25;9696784258;B
20240226;100004;3103;80;9696784259;B
20240226;100004;3103;22;9696784260;B
20240226;100004;3100;32;9696784511;B
20240226;100004;3100;9;9696784523;B
20240226;100004;3100;3;9696784553;S
20240226;100004;3099;5;9696784554;S
20240226;100004;3098;2;9696784555;S
20240226;100004;3098;1;9696784577;S
20240226;100004;3098;1;9696784584;S
20240226;100004;3102;1;9696784664;B
20240226;100004;3102;32;9696784705;B
20240226;100004;3102.5;13;9696784706;B
20240226;100005;3099;80;9696785265;B
20240226;100005;3100;1;9696785266;B
20240226;100005;3100;1;9696785267;B
20240226;100005;3100;100;9696785268;B
20240226;100005;3101.5;80;9696785269;B
20240226;100005;3102.5;12;9696785270;B
20240226;100005;3104;72;9696785271;B
20240226;100005;3105;10;9696785272;B
20240226;100005;3105;15;9696785273;B
20240226;100005;3105;16;9696785274;B
20240226;100005;3105;1;9696785275;B
20240226;100005;3105.5;1;9696785276;B
20240226;100005;3106;25;9696785277;B
20240226;100005;3107;6;9696785278;B
20240226;100005;3107;1;9696785279;B
20240226;100005;3107;29;9696785280;B
20240226;100005;3102;1;9696785372;S
20240226;100005;3098.5;1;9696785512;S
20240226;100005;3105;1;9696785619;B
20240226;100005;3105;2;9696785620;B
20240226;100005;3101.5;1;9696785986;S
20240226;100005;3101.5;2;9696786037;S
20240226;100005;3101.5;5;9696786173;S
20240226;100005;3104.5;4;9696786183;B
20240226;100005;3104.5;2;9696786321;B
20240226;100006;3101.5;17;9696786691;S
20240226;100006;3101;17;9696786692;S
20240226;100006;3100;10;9696786726;B
20240226;100006;3099.5;20;9696786730;S
20240226;100006;3098.5;25;9696786835;S
20240226;100006;3101.5;7;9696787430;B
20240226;100006;3098.5;4;9696787863;S
20240226;100007;3103;7;9696788758;B
20240226;100007;3103;2;9696789122;B
20240226;100007;3103;24;9696789139;B
20240226;100007;3103;27;9696789140;B
20240226;100008;3098.5;1;9696790077;S
20240226;100008;3102.5;30;9696790083;B
20240226;100008;3100;1;9696790730;B
20240226;100008;3098;1;9696791633;S
20240226;100008;3102;33;9696792123;B
20240226;100008;3102;2;9696792124;B
20240226;100009;3098;2;9696792571;S
20240226;100009;3098;2;9696792572;S
20240226;100009;3102;4;9696792573;B
20240226;100009;3102;1;9696794445;B
20240226;100010;3102;3;9696794776;B
20240226;100010;3098;3;9696795864;S
20240226;100010;3097.5;1;9696796594;S
20240226;100011;3097.5;1;9696796680;S
20240226;100011;3098;4;9696797614;S
20240226;100011;3099;4;9696797872;B
20240226;100011;3098;21;9696798053;S
20240226;100011;3097.5;10;9696798054;S
20240226;100011;3097.5;1;9696798243;S
20240226;100012;3099;11;9696798643;B
20240226;100012;3099;3;9696798882;B
20240226;100012;3099;1;9696798986;B
20240226;100012;3099;1;9696799247;B
20240226;100012;3099;2;9696799270;B
20240226;100012;3099;1;9696799346;B
20240226;100012;3099;2;9696799351;B
20240226;100012;3097.5;2;9696799596;S
20240226;100012;3097.5;4;9696799618;S
20240226;100012;3097.5;3;9696799796;S
20240226;100012;3099;1;9696800017;B
20240226;100012;3097.5;2;9696800360;S
20240226;100012;3097.5;20;9696800725;S
20240226;100012;3099;4;9696801108;B
20240226;100013;3101.5;1;9696802251;B
20240226;100013;3098;4;9696802269;S
20240226;100014;3098;21;9696802407;S
20240226;100014;3097.5;21;9696802408;S
20240226;100014;3096.5;18;9696802409;S
20240226;100014;3101.5;5;9696802726;B
20240226;100014;3096;2;9696803410;S
20240226;100014;3096;1;9696803411;S
20240226;100015;3096;5;9696804208;S
20240226;100015;3101.5;11;9696804222;B
20240226;100015;3096;17;9696804328;S
20240226;100015;3095.5;58;9696804329;S
20240226;100015;3095.5;25;9696804344;B
20240226;100016;3100.5;2;9696805550;B
20240226;100016;3100.5;55;9696805973;B
20240226;100016;3100.5;11;9696806166;B
20240226;100017;3095.5;5;9696806596;S
20240226;100017;3095;10;9696807199;S
20240226;100017;3095;25;9696807200;S
20240226;100017;3094.5;68;9696807201;S
20240226;100017;3094;67;9696807202;S
20240226;100018;3099;1;9696808941;B
20240226;100018;3099;9;9696808942;B
20240226;100019;3099;18;9696809660;B
20240226;100021;3097;1;9696811805;B
20240226;100021;3098.5;29;9696811806;B
20240226;100022;3099;1;9696812142;B
20240226;100022;3099;1;9696812143;B
20240226;100023;3099;54;9696812661;B
20240226;100023;3099;1;9696812662;B
20240226;100023;3099.5;73;9696812663;B
20240226;100023;3100;15;9696812664;B
20240226;100023;3100;57;9696812665;B
20240226;100023;3100.5;25;9696812666;B
20240226;100023;3101.5;80;9696812667;B
20240226;100023;3102;1;9696812668;B
20240226;100023;3104;25;9696812669;B
20240226;100023;3104.5;25;9696812670;B
20240226;100023;3105;9;9696812671;B
20240226;100023;3105.5;17;9696812672;B
20240226;100023;3105;70;9696813068;B
20240226;100024;3105.5;13;9696813341;B
20240226;100024;3100.5;11;9696813370;S
20240226;100024;3105.5;2;9696813441;B
20240226;100024;3105.5;4;9696813529;B
20240226;100024;3105.5;4;9696813647;B
20240226;100024;3105.5;7;9696813741;B
20240226;100024;3105.5;5;9696813859;B
20240226;100024;3106;4;9696813974;B
20240226;100024;3106;1;9696813975;B
20240226;100024;3107;3;9696814104;B
20240226;100024;3107;5;9696814287;B
20240226;100025;3107;4;9696814394;B
20240226;100025;3107;8;9696814465;B
20240226;100025;3107;5;9696814569;B
20240226;100025;3107.5;3;9696814570;B
20240226;100025;3107.5;6;9696814614;B
20240226;100025;3107.5;7;9696814716;B
20240226;100025;3107.5;6;9696814838;B
20240226;100025;3107.5;10;9696815027;B
20240226;100025;3107.5;12;9696815175;B
20240226;100025;3107.5;9;9696815270;B
20240226;100026;3107.5;7;9696815425;B
20240226;100026;3107.5;8;9696815634;B
20240226;100026;3107.5;6;9696815734;B
20240226;100026;3102.5;1;9696815753;S
20240226;100026;3107.5;2;9696815802;B
20240226;100026;3107.5;10;9696815953;B
20240226;100026;3107.5;6;9696816092;B
20240226;100026;3107.5;9;9696816191;B
20240226;100027;3108;5;9696816389;B
20240226;100027;3108;5;9696816489;B
20240226;100027;3108;7;9696816581;B
20240226;100027;3108;2;9696816706;B
20240226;100027;3108;8;9696816828;B
20240226;100028;3108;3;9696816953;B
20240226;100028;3108;5;9696816972;B
20240226;100028;3108;7;9696817107;B
20240226;100028;3103.5;1;9696817241;S
20240226;100028;3103.5;3;9696817396;S
20240226;100028;3108;12;9696817446;B
20240226;100028;3103.5;1;9696817629;S
20240226;100029;3103.5;1;9696817732;S
20240226;100029;3103.5;5;9696818068;S
20240226;100029;3103.5;1;9696818089;S
20240226;100029;3107.5;25;9696818127;B
20240226;100029;3107.5;1;9696818128;B
20240226;100029;3107.5;1;9696818142;B
20240226;100029;3107.5;2;9696818165;B
20240226;100030;3107.5;5;9696818353;B
20240226;100030;3103.5;1;9696818395;S
20240226;100030;3107.5;2;9696818484;B
20240226;100030;3104;1;9696818505;S
20240226;100030;3107.5;3;9696818612;B
20240226;100030;3104;1;9696818681;S
20240226;100032;3107.5;1;9696819479;B
20240226;100032;3107.5;2;9696819480;B
20240226;100032;3104;1;9696819701;S
20240226;100032;3107.5;4;9696819779;B
20240226;100032;3107.5;3;9696819932;B
20240226;100033;3106.5;2;9696820321;B
20240226;100033;3106.5;3;9696820446;B
20240226;100033;3104;18;9696820508;S
20240226;100033;3106.5;3;9696820557;B
20240226;100033;3106.5;10;9696820668;B
20240226;100033;3106.5;5;9696820736;B
20240226;100034;3106.5;2;9696820905;B
20240226;100034;3106.5;10;9696820913;B
20240226;100034;3108;1;9696820965;B
20240226;100034;3108;3;9696821082;B
20240226;100035;3107.5;55;9696821583;B
20240226;100036;3107.5;5;9696821887;B
20240226;100036;3104;6;9696822429;S
20240226;100036;3104;19;9696822430;S
20240226;100036;3104;5;9696822431;S
20240226;100039;3103.5;25;9696823559;S
20240226;100039;3106.5;10;9696823737;B
20240226;100039;3103.5;18;9696823846;S
20240226;100039;3102;3;9696823847;S
20240226;100039;3100;1;9696823849;S
20240226;100040;3106.5;1;9696823928;B
20240226;100040;3106.5;1;9696824002;B
20240226;100040;3103;1;9696824368;S
20240226;100041;3106.5;5;9696824486;B
20240226;100041;3106.5;2;9696824667;B
20240226;100042;3102;1;9696825040;S
20240226;100042;3105.5;1;9696825352;B
20240226;100043;3105.5;103;9696825475;B
20240226;100043;3105.5;3;9696825526;B
20240226;100043;3105.5;3;9696825635;B
20240226;100043;3106.5;3;9696825774;B
20240226;100043;3107.5;2;9696825913;B
20240226;100043;3107.5;3;9696826083;B
20240226;100043;3107.5;3;9696826084;B
20240226;100044;3106;4;9696826266;B
20240226;100047;3105;2;9696828058;B
20240226;100047;3107.5;80;9696828059;B
20240226;100047;3108;92;9696828060;B
20240226;100047;3108;11;9696828061;B
20240226;100047;3108;4;9696828062;B
20240226;100047;3108;10;9696828063;B
20240226;100047;3108;25;9696828064;B
20240226;100047;3108.5;4;9696828065;B
20240226;100047;3109;70;9696828066;B
20240226;100047;3109;80;9696828067;B
20240226;100047;3110;2;9696828068;B
20240226;100047;3110;2;9696828069;B
20240226;100047;3110;5;9696828070;B
20240226;100047;3110;1;9696828071;B
20240226;100047;3110;3;9696828072;B
20240226;100047;3110;1;9696828073;B
20240226;100047;3110;32;9696828074;B
20240226;100047;3110.5;25;9696828075;B
20240226;100047;3111;51;9696828076;B
20240226;100047;3106.5;25;9696828080;S
20240226;100047;3104;1;9696828084;S
20240226;100048;3107;1;9696828658;B
20240226;100048;3107;4;9696828951;B
20240226;100049;3110.5;23;9696829439;B
20240226;100052;3109.5;3;9696830706;B
20240226;100053;3107;8;9696830943;S
20240226;100053;3107;2;9696830944;S
20240226;100053;3106.5;24;9696830945;S
20240226;100053;3105.5;3;9696830971;S
20240226;100053;3109.5;80;9696831000;B
20240226;100053;3105.5;1;9696831111;S
20240226;100054;3109;3;9696831294;B
20240226;100054;3105.5;3;9696831330;S
20240226;100054;3105.5;1;9696831359;S
20240226;100054;3108.5;1;9696831708;B
20240226;100055;3108.5;16;9696831942;B
20240226;100055;3108;5;9696832243;B
20240226;100056;3108;5;9696832392;B
20240226;100057;3106.5;2;9696833042;B
20240226;100057;3106;2;9696833180;B
20240226;100058;3104;10;9696833629;S
20240226;100058;3106;1;9696833632;B
20240226;100100;3106;3;9696834438;B
20240226;100100;3104;15;9696834810;S
20240226;100100;3103.5;1;9696834811;S
20240226;100100;3103;4;9696834812;S
20240226;100100;3106;2;9696834839;B
20240226;100100;3106;1;9696834938;B
20240226;100100;3106.5;1;9696834939;B
20240226;100100;3106.5;1;9696835065;B
20240226;100100;3106.5;1;9696835134;B
20240226;100102;3106.5;66;9696835720;B
20240226;100103;3106.5;29;9696836007;B
20240226;100103;3108;2;9696836008;B
20240226;100103;3108.5;80;9696836009;B
20240226;100103;3108.5;3;9696836010;B
20240226;100103;3109;34;9696836011;B
20240226;100103;3109;5;9696836303;B
20240226;100103;3109;6;9696836398;B
20240226;100105;3109;2;9696837172;B
20240226;100105;3109.5;2;9696837173;B
20240226;100107;3109.5;3;9696837703;B
20240226;100110;3109.5;1;9696839048;B
20240226;100110;3109.5;2;9696839147;B
20240226;100110;3109.5;2;9696839245;B
20240226;100110;3109.5;3;9696839246;B
20240226;100110;3110;1;9696839247;B
20240226;100110;3110;6;9696839377;B
20240226;100111;3109.5;1;9696839537;B
20240226;100111;3110;3;9696839538;B
20240226;100111;3110.5;1;9696839539;B
20240226;100111;3110.5;1;9696839540;B
20240226;100111;3110.5;4;9696839712;B
20240226;100111;3110;2;9696839902;B
20240226;100114;3108;2;9696841091;S
20240226;100115;3110;2;9696841369;B
20240226;100115;3111;27;9696841370;B
20240226;100116;3110;10;9696841508;B
20240226;100117;3111;2;9696841933;B
20240226;100117;3111;3;9696842097;B
20240226;100118;3108.5;25;9696842600;S
20240226;100118;3108;3;9696842601;S
20240226;100123;3107.5;21;9696844300;B
20240226;100123;3107.5;4;9696844327;B
20240226;100123;3108;184;9696844328;B
20240226;100125;3104.5;1;9696844958;S
20240226;100125;3104.5;1;9696844959;S
20240226;100125;3104.5;1;9696844960;S
20240226;100125;3104.5;1;9696844961;S
20240226;100125;3104.5;1;9696844962;S
20240226;100125;3104.5;1;9696844963;S
20240226;100125;3104.5;1;9696844964;S
20240226;100125;3104.5;1;9696844965;S
20240226;100125;3104.5;1;9696844966;S
20240226;100125;3104.5;1;9696844967;S
20240226;100125;3104.5;1;9696844968;S
20240226;100125;3104;15;9696844969;S
20240226;100125;3104;1;9696844970;S
20240226;100125;3104;1;9696844971;S
20240226;100125;3104;1;9696844972;S
20240226;100125;3104;21;9696844973;S
20240226;100128;3107;8;9696846119;B
20240226;100128;3107.5;12;9696846120;B
20240226;100132;3107.5;1;9696847555;B
20240226;100133;3108;1;9696847826;B
20240226;100135;3110;1;9696848280;B
20240226;100139;3109.5;19;9696849733;B
20240226;100139;3110;19;9696849734;B
20240226;100139;3110;5;9696849735;B
20240226;100139;3110;5;9696849736;B
20240226;100139;3111;4;9696849737;B
20240226;100139;3111;1;9696849738;B
20240226;100139;3111;80;9696849739;B
20240226;100139;3111;1;9696849740;B
20240226;100139;3111;135;9696849741;B
20240226;100139;3111.5;1;9696849742;B
20240226;100139;3112.5;25;9696849743;B
20240226;100139;3114.5;5;9696849744;B
20240226;100139;3110;8;9696849777;S
20240226;100141;3111;1;9696850506;S
20240226;100143;3113;75;9696851043;B
20240226;100143;3113;3;9696851044;B
20240226;100143;3113.5;33;9696851092;B
20240226;100143;3114;33;9696851093;B
20240226;100146;3114;1;9696852309;B
20240226;100148;3114;4;9696852921;B
20240226;100148;3114;1;9696852922;B
20240226;100148;3114.5;3;9696852968;B
20240226;100150;3113;23;9696853463;S
20240226;100150;3111.5;8;9696853464;S
20240226;100150;3110;1;9696853570;S
20240226;100150;3110;4;9696853744;S
20240226;100150;3109;1;9696853745;S
20240226;100152;3111;5;9696854238;S
20240226;100152;3109.5;5;9696854239;S
20240226;100153;3113;49;9696854661;B
20240226;100153;3113;25;9696854662;B
20240226;100153;3113.5;26;9696854663;B
20240226;100153;3114;53;9696854664;B
20240226;100153;3114.5;12;9696854665;B
20240226;100154;3111.5;30;9696854822;S
20240226;100154;3115.5;23;9696854971;B
20240226;100154;3116;25;9696854972;B
20240226;100154;3117;87;9696854973;B
20240226;100154;3117.5;25;9696854974;B
20240226;100154;3118;30;9696854975;B
20240226;100154;3119;28;9696854976;B
20240226;100154;3119;1;9696854977;B
20240226;100154;3119;70;9696854978;B
20240226;100154;3119.5;211;9696854979;B
20240226;100154;3119;10;9696854981;B
20240226;100154;3115.5;1;9696855048;B
20240226;100154;3118.5;10;9696855060;B
20240226;100154;3114.5;3;9696855133;S
20240226;100155;3118;2;9696855178;B
20240226;100155;3117;20;9696855223;B
20240226;100155;3117.5;38;9696855224;B
20240226;100155;3118;50;9696855225;S
20240226;100155;3118;50;9696855226;S
20240226;100155;3118;20;9696855227;S
20240226;100155;3118;22;9696855229;S
20240226;100155;3115.5;131;9696855230;S
20240226;100155;3117;18;9696855262;B
20240226;100155;3117;1;9696855306;B
20240226;100155;3117.5;3;9696855307;B
20240226;100155;3116.5;2;9696855394;B
20240226;100155;3116.5;1;9696855445;B
20240226;100156;3117;1;9696855533;B
20240226;100156;3117;1;9696855581;B
20240226;100156;3115.5;1;9696855697;B
20240226;100156;3115;6;9696855841;S
20240226;100157;3115;1;9696855886;S
20240226;100157;3115.5;1;9696855927;B
20240226;100158;3115;41;9696856264;S
20240226;100158;3115;1;9696856265;S
20240226;100158;3115;1;9696856266;S
20240226;100158;3115;1;9696856267;S
20240226;100158;3115;1;9696856268;S
20240226;100200;3113.5;1;9696857024;S
20240226;100200;3113;1;9696857025;S
20240226;100200;3112;25;9696857026;S
20240226;100200;3111.5;1;9696857252;S
20240226;100202;3113;9;9696857601;B
20240226;100202;3113;4;9696857876;B
20240226;100203;3112.5;1;9696857936;S
20240226;100203;3112.5;1;9696857937;S
20240226;100203;3112.5;1;9696857938;S
20240226;100203;3112.5;1;9696857939;S
20240226;100203;3112.5;1;9696857940;S
20240226;100203;3113;224;9696857950;B
20240226;100204;3112;1;9696858642;S
20240226;100204;3110.5;1;9696858643;S
20240226;100204;3110.5;3;9696858644;S
20240226;100206;3111.5;1;9696859132;S
20240226;100206;3113;1;9696859174;B
20240226;100207;3111.5;9;9696859773;S
20240226;100207;3111.5;20;9696859774;S
20240226;100207;3111;21;9696859775;S
20240226;100208;3113;188;9696859859;B
20240226;100209;3110;2;9696860237;S
20240226;100209;3109.5;18;9696860238;S
20240226;100210;3112.5;28;9696860839;B
20240226;100210;3113;12;9696860840;B
20240226;100214;3113;35;9696862048;B
20240226;100215;3113;196;9696862473;B
20240226;100215;3113;50;9696862474;B
20240226;100215;3113;3;9696862601;S
20240226;100216;3114;50;9696862882;B
20240226;100216;3115;1;9696862883;B
20240226;100216;3115;19;9696862884;B
20240226;100216;3115;10;9696862885;B
20240226;100216;3115.5;170;9696862886;B
20240226;100218;3115;5;9696863384;B
20240226;100218;3115;30;9696863415;B
20240226;100222;3113.5;3;9696865023;S
20240226;100223;3115;93;9696865059;B
20240226;100224;3115;1;9696865367;S
20240226;100224;3115;1;9696865490;S
20240226;100224;3115.5;1;9696865507;B
20240226;100224;3115;25;9696865570;S
20240226;100225;3115.5;32;9696865672;B
20240226;100227;3115.5;50;9696866315;B
20240226;100227;3115;1;9696866336;S
20240226;100228;3115.5;2;9696866513;B
20240226;100228;3115;1;9696866663;S
20240226;100228;3115;32;9696866842;S
20240226;100229;3115.5;1;9696866876;B
20240226;100229;3116.5;9;9696866877;B
20240226;100229;3117;1;9696866878;B
20240226;100229;3117;89;9696866879;B
20240226;100231;3117;20;9696867572;B
20240226;100231;3117;4;9696867721;B
20240226;100232;3116.5;1;9696867873;B
20240226;100234;3115.5;47;9696868673;S
20240226;100234;3115;2;9696868674;S
20240226;100234;3114;60;9696868675;S
20240226;100237;3114.5;17;9696869546;S
20240226;100238;3115;11;9696870135;B
20240226;100238;3115;2;9696870136;B
20240226;100239;3115.5;3;9696870213;S
20240226;100239;3115.5;34;9696870269;S
20240226;100239;3114.5;68;9696870270;S
20240226;100239;3114;25;9696870271;S
20240226;100239;3114;23;9696870272;S
20240226;100241;3115;7;9696870777;B
20240226;100241;3116.5;63;9696870778;B
20240226;100242;3117;20;9696871089;B
20240226;100243;3117;7;9696871414;B
20240226;100243;3117;1;9696871415;B
20240226;100243;3117;50;9696871416;B
20240226;100243;3117.5;10;9696871463;B
20240226;100243;3117;1;9696871552;S
20240226;100243;3117;1;9696871695;S
20240226;100245;3117;1;9696872160;S
20240226;100245;3117.5;1;9696872371;B
20240226;100245;3117;10;9696872413;S
20240226;100246;3117;20;9696872519;S
20240226;100247;3117.5;3;9696872766;B
20240226;100247;3117.5;10;9696872911;B
20240226;100247;3117;1;9696873078;S
20240226;100248;3117.5;8;9696873339;B
20240226;100248;3117.5;2;9696873340;B
20240226;100249;3117.5;8;9696873490;B
20240226;100249;3117.5;25;9696873491;B
20240226;100249;3118;11;9696873492;B
20240226;100249;3118;6;9696873493;B
20240226;100249;3118;11;9696873494;B
20240226;100249;3118;5;9696873495;B
20240226;100249;3118;21;9696873496;B
20240226;100249;3118;25;9696873497;B
20240226;100249;3118;15;9696873499;S
20240226;100249;3118.5;10;9696873710;B
20240226;100249;3118.5;60;9696873711;B
20240226;100249;3118;9;9696873757;S
20240226;100250;3118.5;2;9696873951;B
20240226;100250;3118.5;45;9696873981;B
20240226;100250;3118.5;25;9696873982;B
20240226;100250;3119;5;9696873983;B
20240226;100250;3119;17;9696873984;B
20240226;100250;3119;8;9696873985;B
20240226;100250;3119;18;9696873986;B
20240226;100250;3119.5;289;9696873987;B
20240226;100250;3119.5;11;9696873988;B
20240226;100250;3119.5;1;9696873989;B
20240226;100250;3119.5;1;9696873990;B
20240226;100250;3119.5;1;9696873991;B
20240226;100250;3119.5;5;9696873992;B
20240226;100250;3119.5;140;9696873993;B
20240226;100250;3120;234;9696873994;B
20240226;100250;3119;9;9696874072;B
20240226;100250;3120;8;9696874073;B
20240226;100250;3120;621;9696874074;B
20240226;100250;3120;5;9696874075;B
20240226;100250;3118.5;42;9696874081;S
20240226;100250;3118;78;9696874082;S
20240226;100250;3119;1;9696874126;B
20240226;100250;3119;49;9696874127;S
20240226;100250;3118.5;1;9696874130;S
20240226;100251;3119;1;9696874392;B
20240226;100252;3119;10;9696874786;B
20240226;100252;3119;1;9696874787;B
20240226;100252;3119.5;12;9696874788;B
20240226;100252;3120;77;9696874789;B
20240226;100253;3118.5;1;9696874965;S
20240226;100253;3120;2;9696875190;B
20240226;100255;3120;5;9696875842;B
20240226;100257;3118.5;19;9696876481;S
20240226;100257;3118.5;50;9696876482;S
20240226;100257;3118;81;9696876483;S
20240226;100259;3119.5;6;9696877045;B
20240226;100301;3118.5;1;9696877617;S
20240226;100301;3118.5;10;9696877618;S
20240226;100301;3118.5;1;9696877619;S
20240226;100301;3118;1;9696877621;S
20240226;100301;3118;108;9696877622;S
20240226;100301;3118;23;9696877623;S
20240226;100301;3118;44;9696877624;S
20240226;100301;3118.5;5;9696877625;S
20240226;100301;3118;5;9696877626;S
20240226;100302;3118.5;3;9696877774;S
20240226;100302;3118;20;9696877867;S
20240226;100302;3118;1;9696877916;S
20240226;100302;3119;2;9696877944;B
20240226;100302;3118.5;1;9696878019;S
20240226;100302;3118;499;9696878020;S
20240226;100302;3118;4;9696878079;S
20240226;100302;3118;4;9696878080;S
20240226;100302;3118;111;9696878091;S
20240226;100302;3118;7;9696878092;S
20240226;100302;3118;1;9696878095;S
20240226;100302;3118;5;9696878096;S
20240226;100302;3118;172;9696878097;S
20240226;100302;3117.5;6;9696878098;S
20240226;100302;3117.5;1;9696878100;S
20240226;100302;3117.5;5;9696878101;S
20240226;100302;3117.5;16;9696878112;S
20240226;100302;3117;5;9696878113;S
20240226;100302;3117;5;9696878120;S
20240226;100303;3117.5;33;9696878165;B
20240226;100303;3117.5;17;9696878166;B
20240226;100303;3117.5;40;9696878199;B
20240226;100303;3118;6;9696878200;B
20240226;100303;3118;30;9696878201;B
20240226;100303;3118;33;9696878202;B
20240226;100303;3118.5;25;9696878203;B
20240226;100303;3119;60;9696878204;B
20240226;100303;3119;8;9696878205;B
20240226;100303;3119.5;18;9696878206;B
20240226;100303;3119.5;109;9696878207;B
20240226;100303;3119.5;50;9696878208;S
20240226;100303;3119.5;195;9696878209;S
20240226;100304;3117;2;9696879150;S
20240226;100305;3118.5;1;9696879418;B
20240226;100305;3118.5;3;9696879419;B
20240226;100305;3117.5;15;9696879499;B
20240226;100306;3118;9;9696879824;B
20240226;100306;3118;79;9696879865;B
20240226;100308;3117.5;13;9696880391;B
20240226;100308;3118;130;9696880392;B
20240226;100308;3118.5;84;9696880393;B
20240226;100308;3118.5;1;9696880394;B
20240226;100308;3119;50;9696880395;B
20240226;100308;3119;30;9696880396;B
20240226;100308;3119.5;98;9696880397;B
20240226;100308;3119.5;1;9696880398;B
20240226;100308;3119.5;25;9696880399;B
20240226;100308;3120;938;9696880400;B
20240226;100309;3118.5;4;9696880742;B
20240226;100309;3119.5;2;9696880743;B
20240226;100309;3119.5;1;9696880894;B
20240226;100311;3116.5;1;9696881663;S
20240226;100311;3118.5;1;9696881664;B
20240226;100311;3119;40;9696881665;B
20240226;100314;3116.5;1;9696882476;B
20240226;100314;3116.5;3;9696882568;B
20240226;100316;3116.5;1;9696883128;B
20240226;100316;3118.5;22;9696883129;B
20240226;100316;3119;111;9696883130;B
20240226;100316;3119;5;9696883131;B
20240226;100316;3119.5;46;9696883132;B
20240226;100317;3116;21;9696883283;S
20240226;100322;3116;4;9696884915;S
20240226;100322;3116;6;9696884916;S
20240226;100323;3119;1;9696885132;B
20240226;100323;3119;27;9696885133;B
20240226;100323;3119.5;25;9696885134;B
20240226;100323;3119.5;20;9696885135;B
20240226;100323;3119.5;3;9696885136;B
20240226;100323;3119.5;20;9696885137;B
20240226;100323;3119.5;20;9696885138;B
20240226;100323;3119.5;100;9696885139;B
20240226;100323;3119.5;102;9696885140;B
20240226;100323;3116.5;1;9696885276;S
20240226;100323;3116.5;19;9696885351;B
20240226;100324;3116.5;1;9696885455;S
20240226;100324;3116.5;3;9696885456;S
20240226;100325;3116.5;1;9696885827;B
20240226;100325;3119.5;30;9696885839;B
20240226;100326;3119.5;80;9696886391;B
20240226;100326;3116.5;3;9696886435;S
20240226;100326;3116.5;2;9696886443;B
20240226;100327;3117.5;5;9696886899;S
20240226;100331;3116.5;3;9696887766;B
20240226;100331;3116;5;9696887867;S
20240226;100332;3116.5;2;9696888090;B
20240226;100332;3119.5;1;9696888091;B
20240226;100337;3116.5;1;9696889844;S
20240226;100338;3119;2;9696890251;B
20240226;100338;3119;8;9696890291;B
20240226;100339;3116.5;1;9696890624;B
20240226;100340;3116;1;9696890860;S
20240226;100341;3119;1;9696891152;B
20240226;100342;3116;5;9696891370;S
20240226;100343;3116.5;5;9696891538;B
20240226;100343;3116.5;5;9696891643;S
20240226;100346;3116.5;21;9696892440;S
20240226;100348;3116;34;9696892844;S
20240226;100349;3116;5;9696893056;S
20240226;100349;3116;23;9696893057;S
20240226;100349;3116;2;9696893058;S
20240226;100349;3116.5;2;9696893059;B
20240226;100349;3116.5;11;9696893220;B
20240226;100350;3116;100;9696893418;S
20240226;100351;3116;71;9696893635;S
20240226;100351;3116;29;9696893636;S
20240226;100351;3116.5;15;9696893644;B
20240226;100352;3116;3;9696893791;S
20240226;100352;3116;1;9696893792;S
20240226;100352;3115.5;1;9696893970;S
20240226;100352;3114;1;9696893971;S
20240226;100354;3115;10;9696894468;B
20240226;100354;3114;1;9696894536;S
20240226;100356;3113.5;1;9696894845;S
20240226;100356;3113;1;9696894846;S
20240226;100357;3113;1;9696895229;S
20240226;100357;3113.5;4;9696895231;B
20240226;100357;3115;1;9696895232;B
20240226;100357;3113;7;9696895379;S
20240226;100358;3113;41;9696895417;S
20240226;100358;3113;30;9696895418;S
20240226;100402;3115;1;9696896476;B
20240226;100403;3115;27;9696896696;B
20240226;100403;3115;1;9696896697;B
20240226;100403;3115;5;9696896698;B
20240226;100403;3115;26;9696896699;B
20240226;100404;3115;1;9696896916;S
20240226;100404;3115;6;9696896930;S
20240226;100408;3115;1;9696898337;S
20240226;100410;3115;2;9696898879;S
20240226;100411;3115;3;9696899166;B
20240226;100411;3115;1;9696899167;B
20240226;100411;3113;1;9696899168;S
20240226;100417;3112;1;9696900832;S
20240226;100419;3115;6;9696901202;B
20240226;100419;3115;4;9696901203;B
20240226;100421;3115;1;9696902012;B
20240226;100421;3115.5;4;9696902013;B
20240226;100421;3115.5;12;9696902014;B
20240226;100423;3116;6;9696902477;B
20240226;100424;3113.5;1;9696902844;S
20240226;100427;3116;9;9696904165;B
20240226;100427;3116;25;9696904166;B
20240226;100427;3116.5;109;9696904167;B
20240226;100429;3113.5;10;9696904606;S
20240226;100429;3115;1;9696904705;B
20240226;100431;3113;5;9696905407;S
20240226;100433;3114.5;1;9696905927;B
20240226;100433;3114.5;3;9696905928;B
20240226;100433;3115;4;9696906039;B
20240226;100433;3115;3;9696906278;B
20240226;100433;3115;1;9696906279;B
20240226;100437;3115;2;9696907271;B
20240226;100437;3115;197;9696907284;B
20240226;100437;3115;4;9696907285;B
20240226;100437;3115;21;9696907286;B
20240226;100437;3115;107;9696907287;B
20240226;100437;3115;10;9696907288;B
20240226;100438;3113.5;5;9696907833;B
20240226;100438;3115;30;9696907834;B
20240226;100438;3115;10;9696907835;B
20240226;100439;3116;3;9696907949;B
20240226;100439;3116;30;9696907950;B
20240226;100439;3116.5;33;9696907951;B
20240226;100439;3117;34;9696907952;B
20240226;100442;3115;1;9696909092;S
20240226;100442;3115;2;9696909093;S
20240226;100442;3114.5;2;9696909132;B
20240226;100443;3117;6;9696909288;B
20240226;100445;3117;1;9696909902;S
20240226;100448;3117;10;9696910936;S
20240226;100448;3117.5;2;9696911056;B
20240226;100448;3118;28;9696911057;B
20240226;100449;3117;5;9696911226;S
20240226;100449;3118;7;9696911311;B
20240226;100449;3118;43;9696911312;B
20240226;100451;3117;5;9696911802;S
20240226;100453;3118;16;9696912298;B
20240226;100453;3118;25;9696912299;B
20240226;100453;3118;49;9696912496;S
20240226;100453;3117;10;9696912497;S
20240226;100453;3117;10;9696912498;S
20240226;100453;3115.5;10;9696912499;S
20240226;100453;3115.5;21;9696912500;S
20240226;100455;3117.5;5;9696912827;B
20240226;100455;3117.5;1;9696912828;B
20240226;100457;3115;5;9696913321;B
20240226;100457;3116.5;30;9696913322;B
20240226;100457;3117;5;9696913323;B
20240226;100457;3117.5;4;9696913324;B
20240226;100457;3117.5;100;9696913325;B
20240226;100457;3118;25;9696913326;B
20240226;100457;3118;20;9696913327;B
20240226;100458;3118;5;9696913532;B
20240226;100458;3118.5;4;9696913533;B
20240226;100459;3116;1;9696913910;S
20240226;100503;3116.5;5;9696915028;B
20240226;100506;3117.5;2;9696916004;B
20240226;100506;3117.5;3;9696916005;B
20240226;100506;3116.5;2;9696916181;S
20240226;100508;3117;4;9696916646;B
20240226;100509;3117;1;9696916745;B
20240226;100509;3117.5;20;9696916746;B
20240226;100514;3117.5;2;9696918106;S
20240226;100514;3117.5;5;9696918457;S
20240226;100515;3117.5;2;9696918545;S
20240226;100515;3117.5;10;9696918714;S
20240226;100515;3116.5;5;9696918715;S
20240226;100516;3118;31;9696918985;B
20240226;100516;3118;6;9696919028;B
20240226;100517;3118;10;9696919097;B
20240226;100517;3118;153;9696919241;B
20240226;100517;3118;1;9696919242;B
20240226;100517;3118;97;9696919243;B
20240226;100517;3118;20;9696919244;B
20240226;100517;3118;10;9696919245;B
20240226;100517;3117.5;5;9696919249;S
20240226;100518;3117;1;9696919377;B
20240226;100520;3116.5;1;9696920654;S
20240226;100520;3116.5;3;9696920715;S
20240226;100521;3117;1;9696920900;B
20240226;100522;3116.5;15;9696921160;S
20240226;100522;3116.5;10;9696921161;S
20240226;100522;3116;19;9696921162;S
20240226;100522;3116;4;9696921163;S
20240226;100522;3116;19;9696921164;S
20240226;100522;3115;50;9696921165;S
20240226;100522;3115;3;9696921166;S
20240226;100523;3115.5;5;9696921444;B
20240226;100523;3116.5;9;9696921445;B
20240226;100523;3117;3;9696921446;B
20240226;100523;3117;30;9696921447;B
20240226;100523;3117;86;9696921448;B
20240226;100524;3115;13;9696921959;S
20240226;100524;3116;1;9696922027;B
20240226;100526;3116;4;9696922427;B
20240226;100527;3117.5;2;9696922765;B
20240226;100527;3117.5;19;9696922766;B
20240226;100527;3118;93;9696922767;B
20240226;100527;3118.5;86;9696922768;B
20240226;100527;3118.5;1;9696922846;B
20240226;100529;3117;31;9696923202;S
20240226;100529;3117.5;5;9696923371;B
20240226;100530;3118.5;1;9696923558;B
20240226;100534;3117.5;9;9696924680;S
20240226;100534;3118;5;9696924729;B
20240226;100534;3118;19;9696924730;B
20240226;100534;3118.5;12;9696924731;B
20240226;100534;3118.5;92;9696924732;B
20240226;100534;3118.5;2;9696924733;B
20240226;100538;3117.5;5;9696926046;S
20240226;100540;3118;19;9696926662;B
20240226;100540;3118;4;9696926663;B
20240226;100540;3118.5;9;9696926664;B
20240226;100541;3119;9;9696926885;B
20240226;100542;3118;1;9696927298;S
20240226;100543;3119;26;9696927483;B
20240226;100543;3119;52;9696927484;B
20240226;100543;3118.5;1;9696927514;B
20240226;100543;3118.5;17;9696927515;B
20240226;100545;3118.5;91;9696928055;B
20240226;100545;3118.5;18;9696928056;B
20240226;100546;3118;5;9696928237;S
20240226;100546;3118;1;9696928410;S
20240226;100547;3118;3;9696928595;S
20240226;100549;3118;1;9696929171;S
20240226;100550;3118.5;1;9696929463;B
20240226;100552;3118.5;3;9696930064;B
20240226;100552;3118;20;9696930082;S
20240226;100552;3118;5;9696930179;S
20240226;100552;3118;5;9696930296;S
20240226;100552;3118;1;9696930316;S
20240226;100553;3118.5;1;9696930571;B
20240226;100553;3118.5;90;9696930572;B
20240226;100554;3118.5;25;9696930839;B
20240226;100554;3118.5;6;9696930840;B
20240226;100554;3118;1;9696930914;S
20240226;100555;3118.5;8;9696931050;B
20240226;100555;3118;5;9696931083;S
20240226;100557;3118.5;3;9696931382;B
20240226;100557;3118;4;9696931509;S
20240226;100557;3118;21;9696931510;S
20240226;100558;3118.5;15;9696931544;B
20240226;100558;3118.5;2;9696931772;B
20240226;100559;3118;2;9696932018;S
20240226;100600;3118.5;12;9696932228;B
20240226;100600;3118.5;18;9696932229;B
20240226;100600;3118.5;10;9696932230;B
20240226;100600;3118.5;24;9696932231;B
20240226;100603;3119;48;9696933386;B
20240226;100603;3119;25;9696933387;B
20240226;100606;3118;1;9696934192;S
20240226;100607;3118;9;9696934557;S
20240226;100609;3118;4;9696934843;S
20240226;100609;3118.5;3;9696934881;B
20240226;100609;3118;7;9696934891;S
20240226;100611;3118;5;9696935417;S
20240226;100611;3118.5;5;9696935460;B
20240226;100611;3118.5;5;9696935461;B
20240226;100611;3118.5;88;9696935462;B
20240226;100611;3118.5;18;9696935463;B
20240226;100611;3119;10;9696935464;B
20240226;100611;3119;1;9696935465;B
20240226;100611;3119;10;9696935466;B
20240226;100611;3119;3;9696935467;B
20240226;100611;3119;1;9696935468;B
20240226;100613;3118.5;2;9696935738;B
20240226;100613;3118.5;14;9696935744;B
20240226;100613;3119;9;9696935745;B
20240226;100613;3119.5;3;9696935764;B
20240226;100614;3119;25;9696936009;B
20240226;100616;3118;1;9696936556;S
20240226;100616;3118.5;3;9696936600;B
20240226;100617;3118;5;9696936844;S
20240226;100618;3118;3;9696937113;S
20240226;100618;3118.5;2;9696937120;B
20240226;100618;3118.5;18;9696937121;B
20240226;100622;3118;6;9696938378;S
20240226;100623;3119;47;9696938442;B
20240226;100624;3118;1;9696938659;S
20240226;100624;3118;7;9696938660;S
20240226;100624;3118;12;9696938661;S
20240226;100624;3118;5;9696938684;S
20240226;100624;3118;4;9696938822;S
20240226;100625;3118;1;9696939074;B
20240226;100626;3118;1;9696939250;S
20240226;100626;3118.5;15;9696939251;B
20240226;100626;3118;3;9696939471;S
20240226;100627;3118;2;9696939631;B
20240226;100627;3118.5;20;9696939632;B
20240226;100627;3119;20;9696939633;B
20240226;100627;3119;16;9696939634;B
20240226;100627;3119;86;9696939635;B
20240226;100627;3119.5;34;9696939636;B
20240226;100627;3119.5;20;9696939637;B
20240226;100627;3119.5;20;9696939638;B
20240226;100627;3119.5;50;9696939639;B
20240226;100627;3119.5;26;9696939640;B
20240226;100627;3119.5;26;9696939641;B
20240226;100627;3118;1;9696939662;S
20240226;100627;3118;20;9696939698;S
20240226;100628;3119.5;2;9696939748;B
20240226;100630;3118.5;10;9696940281;B
20240226;100630;3118.5;10;9696940360;B
20240226;100630;3118.5;5;9696940434;B
20240226;100630;3118.5;5;9696940435;B
20240226;100630;3118.5;10;9696940490;B
20240226;100637;3119;7;9696942911;B
20240226;100637;3118.5;20;9696942964;S
20240226;100637;3119;2;9696942970;B
20240226;100640;3118;20;9696943665;S
20240226;100640;3119;7;9696943732;B
20240226;100640;3119;86;9696943733;B
20240226;100640;3119;20;9696943734;B
20240226;100640;3119;20;9696943735;B
20240226;100640;3119;17;9696943736;B
20240226;100642;3117.5;64;9696944437;S
20240226;100643;3119;10;9696944511;B
20240226;100643;3119;85;9696944512;B
20240226;100643;3119;4;9696944513;B
20240226;100643;3119;23;9696944514;S
20240226;100643;3119;10;9696944515;S
20240226;100644;3117.5;5;9696944708;S
20240226;100645;3117.5;12;9696944958;S
20240226;100645;3117.5;5;9696944959;S
20240226;100645;3117.5;5;9696944960;S
20240226;100645;3117.5;4;9696944961;S
20240226;100645;3117.5;10;9696944962;S
20240226;100646;3118;2;9696945500;B
20240226;100649;3118;3;9696946082;B
20240226;100651;3117;70;9696946591;S
20240226;100651;3117;80;9696946592;S
20240226;100651;3116.5;3;9696946741;S
20240226;100651;3116.5;80;9696946742;S
20240226;100651;3116;1;9696946812;S
20240226;100651;3116;10;9696946813;S
20240226;100651;3115.5;9;9696946814;S
20240226;100652;3115.5;71;9696947015;S
20240226;100653;3115;5;9696947333;S
20240226;100654;3115;6;9696947514;S
20240226;100654;3115;2;9696947515;S
20240226;100654;3115;20;9696947516;S
20240226;100658;3115.5;5;9696948658;B
20240226;100658;3116;5;9696948659;B
20240226;100658;3116.5;1;9696948660;B
20240226;100658;3116.5;17;9696948661;B
20240226;100658;3117;44;9696948662;B
20240226;100658;3117.5;5;9696948663;B
20240226;100658;3117.5;25;9696948664;B
20240226;100658;3118;10;9696948665;B
20240226;100658;3118;44;9696948666;S
20240226;100701;3118;1;9696949334;S
20240226;100702;3119;2;9696949814;B
20240226;100702;3119;18;9696949839;B
20240226;100702;3119;20;9696949840;B
20240226;100702;3119;90;9696949841;B
20240226;100702;3119;20;9696949842;B
20240226;100702;3119;4;9696949843;B
20240226;100702;3119.5;72;9696949844;B
20240226;100702;3119.5;5;9696949845;B
20240226;100702;3119.5;10;9696949846;B
20240226;100702;3119.5;50;9696949847;B
20240226;100702;3119.5;10;9696949848;B
20240226;100702;3119.5;1;9696949849;B
20240226;100703;3119.5;5;9696950031;B
20240226;100703;3119.5;2;9696950032;B
20240226;100703;3119.5;147;9696950033;B
20240226;100705;3118;1;9696950980;S
20240226;100707;3118.5;5;9696951355;B
20240226;100707;3118.5;25;9696951356;B
20240226;100707;3118.5;10;9696951357;B
20240226;100707;3119;50;9696951358;B
20240226;100708;3119;5;9696951710;S
20240226;100709;3119;1;9696951859;S
20240226;100709;3118.5;4;9696951860;S
20240226;100709;3118;7;9696951874;S
20240226;100713;3118;2;9696952845;S
20240226;100713;3118;20;9696953018;S
20240226;100714;3118;13;9696953284;S
20240226;100714;3117.5;16;9696953285;S
20240226;100714;3117;21;9696953286;S
20240226;100715;3118;10;9696953455;S
20240226;100716;3117;50;9696953588;S
20240226;100717;3117;10;9696953866;S
20240226;100717;3117;7;9696953869;S
20240226;100717;3117;20;9696953955;S
20240226;100717;3117.5;3;9696954021;B
20240226;100720;3117;1;9696954545;B
20240226;100720;3117;1;9696954546;B
20240226;100721;3117;2;9696954961;B
20240226;100721;3116.5;1;9696955025;S
20240226;100722;3116.5;5;9696955223;S
20240226;100723;3117;1;9696955267;B
20240226;100723;3117;1;9696955291;B
20240226;100726;3117;2;9696955979;S
20240226;100726;3117.5;2;9696956029;B
20240226;100726;3117.5;1;9696956030;B
20240226;100726;3117.5;2;9696956031;B
20240226;100728;3117;48;9696956375;S
20240226;100728;3117.5;5;9696956402;B
20240226;100728;3117.5;5;9696956403;B
20240226;100728;3117.5;10;9696956501;B
20240226;100729;3117;5;9696956609;B
20240226;100729;3117.5;9;9696956610;B
20240226;100729;3118;18;9696956611;B
20240226;100729;3118;6;9696956612;B
20240226;100729;3118;4;9696956613;B
20240226;100731;3118;6;9696957079;B
20240226;100731;3118;1;9696957080;B
20240226;100732;3118;4;9696957436;B
20240226;100732;3118.5;2;9696957437;B
20240226;100734;3117;1;9696957740;S
20240226;100738;3117;4;9696958440;B
20240226;100739;3117;2;9696958528;S
20240226;100739;3116.5;11;9696958529;S
20240226;100739;3116.5;3;9696958582;S
20240226;100739;3116;15;9696958583;S
20240226;100739;3115.5;25;9696958584;S
20240226;100739;3115.5;7;9696958585;S
20240226;100743;3117.5;5;9696959530;B
20240226;100743;3118;3;9696959531;B
20240226;100743;3118;10;9696959532;B
20240226;100743;3118.5;3;9696959533;B
20240226;100743;3118.5;18;9696959534;B
20240226;100743;3118.5;3;9696959535;B
20240226;100743;3118.5;19;9696959536;B
20240226;100743;3118.5;2;9696959537;B
20240226;100743;3118.5;7;9696959538;B
20240226;100744;3117.5;1;9696959909;S
20240226;100748;3118.5;3;9696961154;B
20240226;100751;3119;1;9696962053;B
20240226;100751;3119;2;9696962088;B
20240226;100751;3119;6;9696962089;B
20240226;100751;3119;5;9696962124;B
20240226;100751;3119;7;9696962343;B
20240226;100752;3119;2;9696962387;B
20240226;100752;3119;20;9696962388;B
20240226;100752;3118.5;10;9696962451;B
20240226;100753;3119.5;1;9696962762;B
20240226;100753;3119.5;10;9696963015;B
20240226;100753;3119.5;1;9696963056;B
20240226;100753;3119.5;1;9696963083;B
20240226;100754;3119.5;10;9696963430;B
20240226;100755;3119.5;10;9696963706;B
20240226;100756;3119.5;10;9696963774;B
20240226;100756;3119.5;3;9696963873;B
20240226;100757;3119.5;1;9696964009;B
20240226;100757;3119.5;2;9696964104;B
20240226;100757;3118.5;5;9696964123;S
20240226;100758;3119.5;4;9696964301;B
20240226;100758;3118.5;12;9696964413;S
20240226;100759;3119.5;1;9696964558;B
20240226;100759;3119.5;4;9696964608;B
20240226;100759;3119.5;3;9696964609;B
20240226;100759;3118.5;5;9696964637;S
20240226;100800;3118.5;1;9696964795;B
20240226;100800;3118;1;9696964839;S
20240226;100802;3118.5;6;9696965244;B
20240226;100802;3118.5;10;9696965245;B
20240226;100802;3118.5;2;9696965246;B
20240226;100803;3118.5;9;9696965469;B
20240226;100803;3118.5;28;9696965470;B
20240226;100803;3118.5;10;9696965471;B
20240226;100803;3118.5;15;9696965472;B
20240226;100803;3119;200;9696965515;B
20240226;100803;3118.5;1;9696965520;S
20240226;100805;3118.5;3;9696965894;S
20240226;100805;3118.5;1;9696965972;B
20240226;100807;3118.5;1;9696966388;B
20240226;100807;3118.5;8;9696966389;B
20240226;100807;3118.5;1;9696966390;B
20240226;100807;3118;1;9696966442;S
20240226;100809;3117;20;9696966724;S
20240226;100810;3117;5;9696967033;S
20240226;100814;3117.5;5;9696967904;B
20240226;100814;3117.5;14;9696967905;B
20240226;100814;3118;11;9696967906;B
20240226;100816;3117;4;9696968358;S
20240226;100817;3117;1;9696968580;S
20240226;100817;3115.5;24;9696968592;S
20240226;100817;3115.5;80;9696968593;S
20240226;100817;3115;46;9696968594;S
20240226;100818;3116;5;9696968841;B
20240226;100818;3117;14;9696968842;B
20240226;100820;3117;1;9696969216;S
20240226;100823;3116.5;4;9696969980;B
20240226;100823;3116.5;14;9696969981;B
20240226;100825;3116.5;1;9696970412;S
20240226;100826;3116.5;3;9696970634;S
20240226;100827;3116.5;1;9696970741;S
20240226;100827;3116.5;1;9696970755;S
20240226;100828;3117;1;9696970931;B
20240226;100828;3117;11;9696970956;B
20240226;100829;3117;32;9696971133;B
20240226;100830;3117;3;9696971404;B
20240226;100834;3115.5;3;9696972390;S
20240226;100836;3115.5;20;9696972730;S
20240226;100836;3117;3;9696972752;B
20240226;100837;3115.5;15;9696972906;S
20240226;100842;3115.5;75;9696973905;S
20240226;100842;3117;1;9696973925;B
20240226;100842;3115.5;5;9696973934;S
20240226;100843;3116;5;9696974111;B
20240226;100844;3116.5;4;9696974229;B
20240226;100847;3116;15;9696974823;S
20240226;100847;3116;2;9696974940;S
20240226;100848;3117;14;9696975033;B
20240226;100849;3116;1;9696975436;S
20240226;100850;3117;2;9696975586;B
20240226;100853;3117;61;9696976278;B
20240226;100901;3116;5;9696977782;B
20240226;100901;3116;7;9696977783;B
20240226;100902;3115.5;1;9696977902;S
20240226;100903;3116.5;3;9696978102;B
20240226;100903;3116.5;6;9696978191;S
20240226;100903;3116;14;9696978192;S
20240226;100905;3116;1;9696978598;B
20240226;100906;3115.5;59;9696978740;S
20240226;100906;3116;2;9696978764;B
20240226;100906;3115.5;5;9696978850;S
20240226;100908;3115.5;1;9696979238;S
20240226;100908;3115.5;4;9696979303;S
20240226;100909;3116;1;9696979340;B
20240226;100910;3115.5;1;9696979816;S
20240226;100910;3115.5;9;9696979914;S
20240226;100912;3116;2;9696980353;B
20240226;100914;3115.5;20;9696981019;S
20240226;100915;3115.5;8;9696981228;S
20240226;100917;3115.5;1;9696981555;S
20240226;100918;3115.5;1;9696981724;S
20240226;100918;3116;4;9696981737;B
20240226;100918;3116;5;9696981738;B
20240226;100918;3115.5;9;9696981744;S
20240226;100918;3115.5;1;9696981818;S
20240226;100919;3115.5;1;9696981898;S
20240226;100919;3116;1;9696982009;B
20240226;100920;3115.5;32;9696982220;S
20240226;100920;3115.5;32;9696982221;S
20240226;100921;3115.5;1;9696982426;B
20240226;100922;3115;4;9696982522;S
20240226;100922;3115;46;9696982523;S
20240226;100922;3115;250;9696982587;S
20240226;100922;3115;4;9696982658;S
20240226;100922;3115;20;9696982659;S
20240226;100922;3115;10;9696982660;S
20240226;100923;3115.5;30;9696982764;B
20240226;100923;3115.5;45;9696982765;B
20240226;100923;3115.5;22;9696982766;B
20240226;100923;3114.5;7;9696982767;S
20240226;100923;3114.5;20;9696982768;S
20240226;100924;3114;2;9696982878;S
20240226;100924;3113.5;50;9696982904;S
20240226;100924;3113;3;9696983071;S
20240226;100927;3113.5;1;9696983555;B
20240226;100927;3113;47;9696983593;S
20240226;100927;3113;6;9696983594;S
20240226;100927;3113;2;9696983595;S
20240226;100927;3113;5;9696983596;S
20240226;100927;3112.5;80;9696983729;S
20240226;100927;3112;10;9696983730;S
20240226;100927;3112;3;9696983731;S
20240226;100927;3112;7;9696983732;S
20240226;100928;3112;3;9696983841;S
20240226;100928;3111.5;5;9696983842;S
20240226;100928;3111.5;10;9696983843;S
20240226;100928;3111.5;2;9696983844;S
20240226;100930;3111.5;2;9696984088;S
20240226;100935;3111.5;50;9696985356;S
20240226;100935;3113;1;9696985402;B
20240226;100935;3111.5;26;9696985521;S
20240226;100935;3111;1;9696985522;S
20240226;100935;3111;25;9696985523;S
20240226;100935;3111;14;9696985524;S
20240226;100935;3110.5;20;9696985525;S
20240226;100935;3110.5;20;9696985526;S
20240226;100935;3110.5;3;9696985527;S
20240226;100935;3110;50;9696985528;S
20240226;100935;3110;5;9696985529;S
20240226;100935;3110;1;9696985530;S
20240226;100935;3110;5;9696985531;S
20240226;100935;3110;11;9696985532;S
20240226;100943;3112.5;1;9696986850;B
20240226;100943;3112.5;5;9696986851;B
20240226;100943;3113;5;9696986852;B
20240226;100943;3113.5;13;9696986853;B
20240226;100943;3114;4;9696986854;B
20240226;100943;3114;32;9696986855;B
20240226;100943;3114;1;9696986856;B
20240226;100943;3114.5;23;9696986857;B
20240226;100943;3114.5;2;9696986858;B
20240226;100943;3114.5;2;9696986859;S
20240226;100944;3112.5;10;9696987009;S
20240226;100944;3112;13;9696987010;S
20240226;100944;3112;100;9696987011;S
20240226;100944;3111.5;5;9696987012;S
20240226;100944;3111.5;80;9696987013;S
20240226;100944;3111;25;9696987014;S
20240226;100944;3111;2;9696987015;S
20240226;100944;3111;400;9696987016;S
20240226;100946;3110;30;9696987732;S
20240226;100947;3111;10;9696987978;B
20240226;100948;3111;2;9696988040;B
20240226;100948;3111;30;9696988128;B
20240226;100949;3110.5;11;9696988197;S
20240226;100949;3111;25;9696988220;B
20240226;100950;3110.5;1;9696988358;S
20240226;100950;3110.5;13;9696988465;S
20240226;100950;3110.5;13;9696988466;S
20240226;100950;3110.5;44;9696988467;S
20240226;100954;3110.5;10;9696989138;S
20240226;100955;3110.5;23;9696989520;S
20240226;100955;3110.5;5;9696989521;S
20240226;100956;3110.5;20;9696989528;S
20240226;100958;3111;1;9696990102;B
20240226;101000;3111;1;9696990437;B
20240226;101000;3111;5;9696990500;B
20240226;101000;3111;10;9696990542;B
20240226;101000;3111;10;9696990638;B
20240226;101000;3110.5;25;9696990695;S
20240226;101001;3111;3;9696990827;B
20240226;101001;3111;10;9696990847;B
20240226;101002;3111;10;9696990888;B
20240226;101002;3111;1;9696990929;B
20240226;101002;3111;1;9696990985;B
20240226;101002;3111;7;9696991031;B
20240226;101003;3111;168;9696991296;B
20240226;101003;3111;71;9696991297;B
20240226;101003;3111;10;9696991298;B
20240226;101003;3111;8;9696991299;B
20240226;101006;3114.5;2;9696992226;B
20240226;101006;3115;8;9696992227;B
20240226;101006;3115;10;9696992370;B
20240226;101006;3115;2;9696992421;B
20240226;101006;3115;3;9696992422;B
20240226;101006;3115;5;9696992423;B
20240226;101009;3115;3;9696993161;B
20240226;101011;3114.5;1;9696993695;S
20240226;101011;3114;13;9696993696;S
20240226;101011;3113.5;6;9696993697;S
20240226;101012;3115;1;9696993939;B
20240226;101012;3115;1;9696993979;B
20240226;101012;3115;1;9696994015;B
20240226;101012;3115;2;9696994051;B
20240226;101013;3115;5;9696994324;B
20240226;101014;3113.5;2;9696994547;S
20240226;101016;3115;3;9696995026;B
20240226;101016;3115;1;9696995055;B
20240226;101021;3114.5;3;9696996156;B
20240226;101021;3114.5;1;9696996184;B
20240226;101021;3114.5;1;9696996204;B
20240226;101021;3114.5;1;9696996205;B
20240226;101023;3115;3;9696996673;B
20240226;101023;3115;13;9696996769;B
20240226;101023;3115;11;9696996792;B
20240226;101023;3115;19;9696996793;B
20240226;101026;3114;1;9696997460;B
20240226;101026;3114.5;2;9696997461;B
20240226;101028;3115;1;9696997926;B
20240226;101031;3113.5;8;9696998463;S
20240226;101040;3114;1;9697000365;B
20240226;101040;3114.5;1;9697000366;B
20240226;101043;3114.5;2;9697000904;B
20240226;101043;3114.5;3;9697000905;B
20240226;101044;3113.5;1;9697001104;S
20240226;101045;3114.5;1;9697001226;B
20240226;101045;3114.5;1;9697001312;B
20240226;101046;3114.5;1;9697001479;B
20240226;101046;3114.5;2;9697001587;B
20240226;101049;3114.5;6;9697002244;B
20240226;101049;3114.5;12;9697002245;B
20240226;101050;3114.5;17;9697002355;S
20240226;101050;3113.5;10;9697002356;S
20240226;101050;3113.5;12;9697002357;S
20240226;101050;3112;33;9697002358;S
20240226;101050;3111.5;7;9697002359;S
20240226;101055;3114.5;100;9697003127;B
20240226;101056;3112.5;5;9697003346;S
20240226;101056;3114.5;5;9697003372;B
20240226;101057;3114.5;1;9697003553;B
20240226;101057;3114.5;33;9697003554;B
20240226;101057;3115;9;9697003555;B
20240226;101057;3115;24;9697003763;B
20240226;101058;3112.5;1;9697003821;S
20240226;101058;3112.5;4;9697003822;S
20240226;101100;3114.5;1;9697004177;B
20240226;101100;3113.5;8;9697004334;S
20240226;101102;3114.5;6;9697004750;B
20240226;101103;3114.5;1;9697004842;B
20240226;101103;3114.5;22;9697004888;B
20240226;101104;3115;13;9697005086;B
20240226;101104;3114.5;1;9697005255;S
20240226;101107;3114.5;21;9697005942;S
20240226;101108;3115;8;9697006056;B
20240226;101108;3115;1;9697006057;B
20240226;101108;3115;3;9697006058;B
20240226;101108;3115;1;9697006059;B
20240226;101108;3115;1;9697006060;B
20240226;101108;3115;16;9697006061;B
20240226;101112;3114.5;5;9697006682;S
20240226;101113;3114.5;4;9697006860;S
20240226;101116;3114;1;9697007410;B
20240226;101116;3114.5;1;9697007411;B
20240226;101116;3113.5;3;9697007423;S
20240226;101116;3115;4;9697007481;B
20240226;101117;3115;1;9697007633;B
20240226;101117;3115;1;9697007698;B
20240226;101117;3115;1;9697007729;B
20240226;101118;3115;1;9697007841;B
20240226;101118;3115;1;9697007871;B
20240226;101118;3115;1;9697007922;B
20240226;101118;3115;1;9697008105;B
20240226;101119;3115;1;9697008245;B
20240226;101119;3115;1;9697008281;B
20240226;101119;3115;1;9697008311;B
20240226;101119;3115;1;9697008328;B
20240226;101119;3115;1;9697008373;B
20240226;101119;3115;1;9697008432;B
20240226;101119;3115;1;9697008465;B
20240226;101119;3115;1;9697008519;B
20240226;101120;3115;1;9697008769;B
20240226;101121;3113.5;1;9697009033;S
20240226;101121;3113.5;1;9697009207;S
20240226;101122;3113;8;9697009405;S
20240226;101123;3114;14;9697009556;B
20240226;101125;3112.5;22;9697009938;S
20240226;101125;3113;1;9697010037;B
20240226;101126;3112.5;25;9697010078;S
20240226;101126;3113;4;9697010089;B
20240226;101126;3114;2;9697010090;B
20240226;101126;3112.5;1;9697010186;S
20240226;101128;3114;4;9697010470;B
20240226;101128;3112.5;7;9697010586;S
20240226;101132;3113.5;3;9697011278;B
20240226;101132;3114;5;9697011279;B
20240226;101133;3114;1;9697011559;B
20240226;101135;3114;15;9697011907;B
20240226;101136;3114;6;9697012232;B
20240226;101137;3114;5;9697012550;B
20240226;101138;3112.5;30;9697012802;S
20240226;101138;3112.5;12;9697012803;S
20240226;101138;3112.5;33;9697012804;S
20240226;101138;3112;10;9697012805;S
20240226;101138;3112;13;9697012806;S
20240226;101141;3112;1;9697013209;S
20240226;101143;3114;35;9697013661;B
20240226;101144;3114;13;9697013861;B
20240226;101144;3114;59;9697013862;B
20240226;101144;3114;12;9697013863;B
20240226;101144;3114;1;9697013864;B
20240226;101144;3114;3;9697013932;S
20240226;101145;3115;10;9697014092;B
20240226;101145;3115;36;9697014093;B
20240226;101149;3114.5;2;9697014902;B
20240226;101150;3114;1;9697015001;S
20240226;101150;3114.5;2;9697015066;B
20240226;101150;3114;1;9697015077;S
20240226;101150;3115;4;9697015153;B
20240226;101150;3114;5;9697015166;S
20240226;101150;3115;9;9697015265;B
20240226;101151;3115;1;9697015385;B
20240226;101151;3114;5;9697015413;S
20240226;101151;3115;6;9697015478;B
20240226;101151;3115;1;9697015635;B
20240226;101151;3115;1;9697015712;B
20240226;101152;3115;1;9697015804;B
20240226;101152;3115;1;9697015879;B
20240226;101152;3113;5;9697016003;B
20240226;101152;3114;6;9697016004;B
20240226;101154;3113;3;9697016546;B
20240226;101155;3113;1;9697016775;B
20240226;101156;3112.5;3;9697016944;S
20240226;101157;3113;1;9697017194;B
20240226;101158;3114;1;9697017264;B
20240226;101158;3114.5;6;9697017265;B
20240226;101158;3112.5;5;9697017525;S
20240226;101200;3114.5;1;9697018006;B
20240226;101202;3114;10;9697018508;S
20240226;101203;3114.5;38;9697018631;B
20240226;101206;3114;10;9697019215;S
20240226;101207;3114.5;1;9697019632;B
20240226;101209;3114;5;9697019844;S
20240226;101212;3112.5;1;9697020436;S
20240226;101215;3112.5;3;9697020982;S
20240226;101216;3113;5;9697021173;B
20240226;101216;3114;6;9697021175;S
20240226;101216;3114.5;11;9697021249;B
20240226;101216;3114;25;9697021348;S
20240226;101216;3114.5;9;9697021396;B
20240226;101216;3114.5;13;9697021397;B
20240226;101217;3114.5;19;9697021548;B
20240226;101217;3115;81;9697021549;B
20240226;101217;3115;30;9697021563;B
20240226;101217;3115;5;9697021687;B
20240226;101217;3114.5;3;9697021715;S
20240226;101217;3115;6;9697021786;B
20240226;101218;3115;25;9697021901;B
20240226;101218;3115;10;9697022025;B
20240226;101219;3114.5;1;9697022145;S
20240226;101219;3114.5;32;9697022266;S
20240226;101219;3114.5;148;9697022267;S
20240226;101219;3114.5;5;9697022268;S
20240226;101219;3114;80;9697022269;S
20240226;101219;3114;12;9697022270;S
20240226;101219;3113;30;9697022271;S
20240226;101219;3113;25;9697022272;S
20240226;101219;3112.5;9;9697022273;S
20240226;101219;3112;47;9697022274;S
20240226;101219;3111.5;4;9697022275;S
20240226;101219;3111;225;9697022276;S
20240226;101219;3110.5;8;9697022277;S
20240226;101219;3110.5;25;9697022278;S
20240226;101219;3110;9;9697022279;S
20240226;101219;3110;10;9697022280;S
20240226;101219;3110;10;9697022281;S
20240226;101219;3110;10;9697022282;S
20240226;101219;3110;75;9697022283;S
20240226;101219;3110;1;9697022284;S
20240226;101219;3110;243;9697022285;B
20240226;101219;3109.5;12;9697022289;B
20240226;101219;3109.5;12;9697022290;S
20240226;101220;3110;4;9697022304;B
20240226;101220;3109.5;8;9697022358;B
20240226;101220;3110;192;9697022359;B
20240226;101220;3110;25;9697022378;B
20240226;101221;3108.5;1;9697022562;S
20240226;101221;3109;10;9697022574;B
20240226;101222;3108.5;11;9697022666;S
20240226;101222;3108.5;1;9697022670;S
20240226;101222;3108.5;20;9697022694;S
20240226;101222;3108.5;12;9697022695;S
20240226;101222;3108;2;9697022696;S
20240226;101222;3108;16;9697022697;S
20240226;101222;3108;25;9697022735;S
20240226;101222;3108.5;1;9697022754;B
20240226;101222;3108;9;9697022767;S
20240226;101222;3107.5;1;9697022768;S
20240226;101222;3107.5;8;9697022784;S
20240226;101222;3107;42;9697022785;S
20240226;101223;3107;8;9697022816;S
20240226;101223;3107;7;9697022817;S
20240226;101223;3107;1;9697022818;S
20240226;101223;3107;1;9697022819;S
20240226;101223;3106.5;33;9697022847;B
20240226;101223;3107;2;9697022848;B
20240226;101223;3106.5;33;9697022865;B
20240226;101223;3107;7;9697022866;B
20240226;101223;3107;1;9697022870;B
20240226;101223;3107;23;9697022874;B
20240226;101223;3107;93;9697022875;B
20240226;101223;3107.5;19;9697022876;B
20240226;101223;3108;1;9697022877;B
20240226;101223;3108.5;50;9697022878;B
20240226;101223;3108.5;33;9697022879;B
20240226;101223;3109;40;9697022880;B
20240226;101223;3109;30;9697022881;B
20240226;101223;3109.5;18;9697022882;B
20240226;101223;3109.5;5;9697022884;B
20240226;101223;3106.5;9;9697022906;B
20240226;101224;3106;8;9697023115;S
20240226;101224;3106;72;9697023173;S
20240226;101224;3105.5;10;9697023261;S
20240226;101224;3106;1;9697023264;B
20240226;101225;3106;56;9697023556;B
20240226;101225;3106;19;9697023557;B
20240226;101226;3106;1;9697023565;B
20240226;101227;3106;1;9697023801;B
20240226;101228;3106;20;9697023952;B
20240226;101229;3105.5;40;9697024215;S
20240226;101229;3105.5;1;9697024216;S
20240226;101229;3105.5;25;9697024217;S
20240226;101229;3105.5;34;9697024218;S
20240226;101230;3106;1;9697024379;B
20240226;101231;3106;12;9697024734;B
20240226;101231;3106;88;9697024735;B
20240226;101232;3105.5;1;9697024952;S
20240226;101233;3105.5;10;9697025339;S
20240226;101234;3105.5;14;9697025499;S
20240226;101234;3105.5;80;9697025500;S
20240226;101234;3105;1;9697025501;S
20240226;101234;3105;20;9697025502;S
20240226;101234;3105;20;9697025503;S
20240226;101234;3105;50;9697025504;S
20240226;101234;3104.5;2;9697025505;S
20240226;101234;3105;9;9697025542;B
20240226;101234;3105;16;9697025567;B
20240226;101235;3104.5;10;9697025680;S
20240226;101235;3104.5;50;9697025805;S
20240226;101237;3104;2;9697026128;S
20240226;101237;3104;3;9697026129;S
20240226;101237;3104;2;9697026130;S
20240226;101237;3104;1;9697026131;S
20240226;101237;3104;2;9697026132;S
20240226;101238;3104;1;9697026242;S
20240226;101238;3104.5;1;9697026243;B
20240226;101238;3104.5;1;9697026244;B
20240226;101238;3104.5;10;9697026245;B
20240226;101238;3104.5;1;9697026315;S
20240226;101239;3105;2;9697026439;B
20240226;101239;3105;6;9697026440;B
20240226;101240;3105;1;9697026566;B
20240226;101241;3106;1;9697026723;B
20240226;101241;3105.5;5;9697026791;S
20240226;101242;3105.5;23;9697026875;S
20240226;101242;3105;20;9697026876;S
20240226;101242;3105;1;9697026877;S
20240226;101242;3105;18;9697026878;S
20240226;101242;3104.5;32;9697026879;S
20240226;101242;3104.5;80;9697026880;S
20240226;101242;3104.5;25;9697026881;S
20240226;101243;3104.5;170;9697027045;B
20240226;101243;3104.5;1;9697027122;B
20240226;101245;3104;1;9697027454;S
20240226;101245;3104.5;2;9697027498;B
20240226;101246;3104;6;9697027537;S
20240226;101246;3103.5;3;9697027627;S
20240226;101246;3103.5;33;9697027628;S
20240226;101246;3103.5;80;9697027629;S
20240226;101246;3103;25;9697027630;S
20240226;101246;3103;13;9697027631;S
20240226;101246;3102.5;4;9697027632;S
20240226;101246;3102;1;9697027633;S
20240226;101246;3102;20;9697027634;S
20240226;101246;3101.5;5;9697027635;S
20240226;101246;3101.5;8;9697027636;S
20240226;101246;3101.5;48;9697027637;S
20240226;101246;3101;50;9697027638;S
20240226;101246;3101;27;9697027639;S
20240226;101246;3101;1;9697027640;S
20240226;101246;3101;10;9697027641;S
20240226;101246;3101;25;9697027642;S
20240226;101246;3101;90;9697027643;S
20240226;101246;3100.5;1;9697027644;S
20240226;101246;3100.5;50;9697027645;S
20240226;101246;3100;1;9697027646;S
20240226;101246;3100;1;9697027647;S
20240226;101246;3100;4;9697027648;S
20240226;101246;3103.5;4;9697027651;S
20240226;101247;3103.5;46;9697027785;S
20240226;101247;3103.5;100;9697027786;S
20240226;101247;3103.5;50;9697027787;S
20240226;101247;3103.5;100;9697027788;S
20240226;101247;3103.5;50;9697027789;S
20240226;101247;3103;80;9697027790;S
20240226;101247;3103;18;9697027791;S
20240226;101247;3102;5;9697027814;B
20240226;101249;3101.5;2;9697028166;B
20240226;101249;3101.5;10;9697028208;B
20240226;101250;3101;80;9697028327;S
20240226;101250;3100.5;3;9697028328;S
20240226;101250;3100.5;30;9697028329;S
20240226;101250;3100.5;3;9697028335;B
20240226;101251;3101;1;9697028436;B
20240226;101253;3101.5;1;9697028875;B
20240226;101254;3101.5;9;9697029056;B
20240226;101258;3101.5;3;9697029842;B
20240226;101258;3101.5;10;9697029885;B
20240226;101258;3101.5;1;9697029919;B
20240226;101258;3101.5;1;9697029940;B
20240226;101259;3101;8;9697030112;S
20240226;101259;3101;21;9697030113;S
20240226;101259;3100.5;26;9697030114;S
20240226;101259;3100.5;2;9697030115;S
20240226;101259;3100.5;33;9697030140;S
20240226;101259;3100;16;9697030141;S
20240226;101259;3100;1;9697030142;S
20240226;101300;3101;48;9697030314;B
20240226;101300;3101;18;9697030315;B
20240226;101300;3101;26;9697030316;B
20240226;101300;3101.5;8;9697030317;B
20240226;101303;3101;13;9697030755;B
20240226;101303;3101;1;9697030756;B
20240226;101303;3101;18;9697030757;B
20240226;101303;3101.5;75;9697030758;B
20240226;101303;3101.5;2;9697030759;B
20240226;101303;3101.5;8;9697030760;B
20240226;101303;3102;117;9697030761;B
20240226;101303;3101.5;1;9697030838;B
20240226;101306;3100.5;1;9697031244;S
20240226;101306;3100.5;7;9697031352;S
20240226;101307;3100.5;25;9697031550;S
20240226;101307;3100.5;1;9697031551;S
20240226;101307;3100.5;80;9697031552;S
20240226;101307;3100.5;1;9697031553;S
20240226;101307;3101;5;9697031618;B
20240226;101308;3101.5;3;9697031867;B
20240226;101311;3102;19;9697032511;B
20240226;101312;3101.5;1;9697032566;S
20240226;101315;3102;1;9697033154;B
20240226;101316;3101.5;1;9697033276;S
20240226;101316;3101.5;3;9697033340;S
20240226;101316;3101.5;13;9697033341;S
20240226;101317;3102;20;9697033416;B
20240226;101317;3102;1;9697033476;B
20240226;101320;3102;2;9697033828;B
20240226;101320;3102;2;9697033964;B
20240226;101320;3102;100;9697033977;B
20240226;101320;3102;100;9697033990;B
20240226;101321;3102;10;9697033996;B
20240226;101321;3101.5;7;9697034058;S
20240226;101321;3101.5;18;9697034059;S
20240226;101321;3101.5;1;9697034060;S
20240226;101321;3101.5;9;9697034061;S
20240226;101321;3101.5;30;9697034062;S
20240226;101321;3101;1;9697034063;S
20240226;101321;3101;15;9697034064;S
20240226;101321;3101;19;9697034065;S
20240226;101323;3102;88;9697034346;B
20240226;101324;3101.5;1;9697034424;B
20240226;101324;3101.5;1;9697034482;B
20240226;101326;3101.5;8;9697034793;B
20240226;101326;3102;2;9697034794;B
20240226;101327;3102;9;9697035124;B
20240226;101329;3101;10;9697035448;S
20240226;101329;3101;33;9697035449;S
20240226;101329;3101;20;9697035450;S
20240226;101329;3101;30;9697035451;S
20240226;101329;3100.5;20;9697035452;S
20240226;101329;3100.5;25;9697035453;S
20240226;101329;3100.5;20;9697035454;S
20240226;101329;3100;1;9697035455;S
20240226;101329;3100;10;9697035456;S
20240226;101329;3100;21;9697035457;S
20240226;101333;3100.5;25;9697036486;S
20240226;101334;3101;5;9697036703;B
20240226;101334;3101.5;5;9697036704;B
20240226;101337;3101;1;9697037305;S
20240226;101338;3101;5;9697037447;S
20240226;101340;3101.5;5;9697037861;B
20240226;101340;3102;11;9697037862;B
20240226;101340;3102;3;9697037863;B
20240226;101340;3102;5;9697037864;B
20240226;101340;3102;19;9697037865;B
20240226;101341;3104;1;9697038057;B
20240226;101341;3102;22;9697038094;S
20240226;101341;3102;25;9697038095;S
20240226;101342;3102.5;2;9697038169;S
20240226;101343;3104;19;9697038346;B
20240226;101343;3104;19;9697038347;B
20240226;101343;3104.5;23;9697038348;B
20240226;101344;3103;1;9697038472;S
20240226;101344;3103;1;9697038473;S
20240226;101344;3103;2;9697038474;S
20240226;101345;3102.5;31;9697038692;S
20240226;101345;3102.5;1;9697038693;S
20240226;101345;3102;16;9697038694;S
20240226;101346;3103;1;9697038836;B
20240226;101350;3103.5;2;9697039630;S
20240226;101350;3103;2;9697039632;B
20240226;101350;3103.5;7;9697039633;B
20240226;101352;3104;1;9697039988;B
20240226;101352;3104;2;9697039989;B
20240226;101353;3104.5;20;9697040222;B
20240226;101355;3104.5;25;9697040425;B
20240226;101355;3104;1;9697040448;S
20240226;101400;3104.5;1;9697041373;B
20240226;101401;3104;1;9697041696;S
20240226;101401;3104;1;9697041798;B
20240226;101402;3104;1;9697041828;B
20240226;101402;3104;6;9697041860;B
20240226;101402;3104.5;1;9697041861;B
20240226;101402;3104;1;9697041943;S
20240226;101403;3104;1;9697041971;S
20240226;101403;3104.5;22;9697042028;B
20240226;101403;3104;1;9697042086;S
20240226;101403;3104;1;9697042087;S
20240226;101403;3104;1;9697042130;S
20240226;101404;3104.5;8;9697042181;B
20240226;101404;3104.5;5;9697042197;B
20240226;101405;3104.5;10;9697042420;B
20240226;101406;3104.5;2;9697042535;B
20240226;101406;3104;2;9697042670;S
20240226;101407;3104;1;9697042765;S
20240226;101408;3104.5;2;9697042941;B
20240226;101409;3104.5;20;9697043059;B
20240226;101409;3104;2;9697043173;S
20240226;101409;3104;1;9697043201;S
20240226;101409;3104.5;1;9697043209;B
20240226;101410;3103.5;2;9697043374;S
20240226;101410;3103.5;14;9697043375;S
20240226;101412;3104;1;9697043660;S
20240226;101412;3104;4;9697043760;B
20240226;101415;3104.5;44;9697044164;B
20240226;101415;3104.5;98;9697044165;B
20240226;101416;3104.5;1;9697044339;B
20240226;101416;3104.5;70;9697044409;B
20240226;101417;3104;3;9697044449;S
20240226;101417;3104.5;31;9697044454;B
20240226;101417;3105;74;9697044455;B
20240226;101417;3105;2;9697044456;B
20240226;101417;3105;87;9697044457;B
20240226;101417;3105.5;6;9697044458;B
20240226;101417;3105.5;1;9697044459;B
20240226;101417;3106;10;9697044470;B
20240226;101417;3106;55;9697044493;B
20240226;101417;3106;2;9697044515;B
20240226;101417;3106;19;9697044569;B
20240226;101421;3106;12;9697045305;B
20240226;101422;3105.5;1;9697045439;S
20240226;101423;3106;2;9697045642;B
20240226;101423;3106.5;12;9697045643;B
20240226;101423;3107;37;9697045644;B
20240226;101423;3107;9;9697045645;B
20240226;101423;3108.5;25;9697045646;B
20240226;101423;3108.5;20;9697045647;B
20240226;101425;3109;8;9697045942;B
20240226;101428;3109;4;9697046664;S
20240226;101428;3109;4;9697046665;S
20240226;101428;3108.5;3;9697046666;S
20240226;101428;3108.5;45;9697046667;S
20240226;101428;3108.5;2;9697046692;S
20240226;101428;3108.5;4;9697046737;B
20240226;101432;3107.5;1;9697047290;S
20240226;101435;3107.5;5;9697047931;B
20240226;101438;3107;1;9697048327;S
20240226;101438;3107.5;1;9697048391;B
20240226;101438;3107.5;4;9697048392;B
20240226;101439;3107;1;9697048635;S
20240226;101439;3107.5;1;9697048655;B
20240226;101441;3108;50;9697048858;B
20240226;101442;3107.5;3;9697049008;S
20240226;101443;3108;2;9697049204;B
20240226;101443;3108;22;9697049205;B
20240226;101444;3107.5;6;9697049319;S
20240226;101444;3107.5;6;9697049320;S
20240226;101444;3107;1;9697049321;S
20240226;101444;3107;2;9697049322;S
20240226;101445;3108;16;9697049558;B
20240226;101445;3108;34;9697049559;B
20240226;101447;3108;3;9697050006;S
20240226;101447;3107.5;6;9697050007;S
20240226;101448;3106.5;5;9697050118;S
20240226;101451;3106.5;1;9697050625;S
20240226;101453;3106;1;9697051060;S
20240226;101459;3105.5;1;9697052017;B
20240226;101500;3106;1;9697052223;B
20240226;101502;3107;1;9697052599;B
20240226;101502;3107;26;9697052780;S
20240226;101503;3107;1;9697053022;B
20240226;101503;3108;1;9697053023;B
20240226;101503;3108;13;9697053024;B
20240226;101503;3108.5;4;9697053025;B
20240226;101510;3107.5;1;9697054245;S
20240226;101510;3107;6;9697054246;S
20240226;101510;3108;1;9697054285;B
20240226;101514;3108.5;3;9697055291;B
20240226;101514;3108.5;6;9697055292;B
20240226;101514;3108.5;1;9697055293;B
20240226;101515;3109;2;9697055603;B
20240226;101520;3108.5;3;9697057053;S
20240226;101520;3109;1;9697057122;B
20240226;101522;3109;1;9697057676;B
20240226;101523;3109;5;9697057959;B
20240226;101524;3108.5;9;9697058303;S
20240226;101524;3108;4;9697058304;S
20240226;101526;3109;202;9697058944;B
20240226;101526;3109;5;9697058945;B
20240226;101526;3109;9;9697058946;B
20240226;101526;3109;14;9697058947;B
20240226;101531;3109;13;9697059951;B
20240226;101532;3108;15;9697060114;S
20240226;101532;3107.5;1;9697060115;S
20240226;101532;3107.5;14;9697060116;S
20240226;101532;3107.5;33;9697060117;S
20240226;101532;3107;5;9697060118;S
20240226;101532;3107;94;9697060119;S
20240226;101532;3106.5;49;9697060120;S
20240226;101532;3106.5;8;9697060121;S
20240226;101532;3106.5;50;9697060122;B
20240226;101532;3106.5;50;9697060124;B
20240226;101532;3106.5;50;9697060125;B
20240226;101532;3106.5;41;9697060127;B
20240226;101532;3106.5;1;9697060189;B
20240226;101533;3106.5;2;9697060503;B
20240226;101533;3106;3;9697060604;S
20240226;101535;3106.5;10;9697061285;B
20240226;101537;3106.5;40;9697061638;B
20240226;101537;3106;6;9697061695;S
20240226;101537;3106;1;9697061696;S
20240226;101537;3106;1;9697061697;S
20240226;101537;3105.5;6;9697061698;S
20240226;101537;3105.5;14;9697061699;S
20240226;101537;3105;33;9697061700;S
20240226;101537;3104.5;39;9697061701;S
20240226;101541;3105;1;9697062607;B
20240226;101541;3106.5;94;9697062608;B
20240226;101543;3105.5;1;9697063178;B
20240226;101543;3106.5;161;9697063179;B
20240226;101545;3105.5;1;9697063699;B
20240226;101552;3105;1;9697065392;B
20240226;101554;3104.5;3;9697065872;S
20240226;101554;3105;1;9697065896;B
20240226;101559;3105;1;9697067218;B
20240226;101600;3104.5;2;9697067531;S
20240226;101601;3104.5;12;9697067695;S
20240226;101603;3105;3;9697068468;B
20240226;101603;3104.5;11;9697068534;S
20240226;101603;3104.5;22;9697068535;S
20240226;101603;3104.5;28;9697068536;S
20240226;101603;3104.5;13;9697068537;S
20240226;101603;3104.5;26;9697068538;S
20240226;101605;3104.5;20;9697069202;S
20240226;101605;3104.5;25;9697069203;S
20240226;101605;3104.5;14;9697069204;S
20240226;101605;3104.5;37;9697069205;S
20240226;101605;3104.5;6;9697069206;S
20240226;101605;3104.5;33;9697069207;S
20240226;101605;3104;115;9697069208;S
20240226;101610;3104;1;9697070745;S
20240226;101610;3104.5;2;9697070785;B
20240226;101613;3104;32;9697072449;S
20240226;101613;3104;2;9697072598;S
20240226;101614;3104;1;9697072749;S
20240226;101615;3104.5;1;9697073010;B
20240226;101616;3104.5;2;9697073405;B
20240226;101616;3104.5;13;9697073406;B
20240226;101618;3104.5;9;9697074084;S
20240226;101618;3104.5;21;9697074085;S
20240226;101618;3105;4;9697074207;B
20240226;101618;3105;45;9697074208;B
20240226;101618;3105;35;9697074209;B
20240226;101618;3105;13;9697074210;B
20240226;101619;3104.5;5;9697074285;S
20240226;101619;3106;1;9697074359;B
20240226;101620;3105.5;5;9697074535;S
20240226;101621;3106.5;2;9697074839;B
20240226;101621;3106.5;1;9697074995;B
20240226;101622;3106;1;9697075063;S
20240226;101622;3105.5;4;9697075064;S
20240226;101623;3105.5;4;9697075465;S
20240226;101623;3105.5;1;9697075518;B
20240226;101623;3106.5;97;9697075519;B
20240226;101625;3106;2;9697076116;S
20240226;101626;3106;1;9697076455;S
20240226;101626;3105;2;9697076456;S
20240226;101627;3104.5;1;9697076792;S
20240226;101628;3105;2;9697076881;B
20240226;101628;3106;3;9697076882;B
20240226;101629;3106.5;1;9697077134;B
20240226;101631;3106;2;9697077854;S
20240226;101631;3105;1;9697077855;S
20240226;101631;3105;2;9697077856;S
20240226;101632;3105;1;9697077906;S
20240226;101632;3104.5;3;9697077907;S
20240226;101632;3105;1;9697078113;S
20240226;101633;3106;13;9697078333;B
20240226;101633;3106.5;14;9697078334;B
20240226;101633;3106.5;64;9697078335;B
20240226;101633;3107.5;10;9697078336;B
20240226;101633;3107.5;33;9697078337;B
20240226;101633;3108;16;9697078338;B
20240226;101633;3108.5;4;9697078419;B
20240226;101633;3109;68;9697078420;B
20240226;101633;3109;5;9697078421;B
20240226;101633;3109;6;9697078422;B
20240226;101634;3107.5;1;9697078497;S
20240226;101635;3108.5;1;9697078723;S
20240226;101635;3108.5;6;9697078724;S
20240226;101641;3105.5;1;9697080442;B
20240226;101642;3107;5;9697080595;B
20240226;101643;3106.5;1;9697080882;B
20240226;101643;3107.5;33;9697080883;B
20240226;101643;3108;2;9697080884;B
20240226;101643;3108;12;9697080885;B
20240226;101644;3105.5;1;9697081197;B
20240226;101644;3107.5;19;9697081198;B
20240226;101651;3107;1;9697083019;S
20240226;101653;3107;1;9697083375;B
20240226;101655;3107;1;9697083860;B
20240226;101655;3107;2;9697083882;B
20240226;101655;3108.5;8;9697083883;B
20240226;101655;3106.5;3;9697083884;S
20240226;101659;3106.5;27;9697084941;S
20240226;101659;3106.5;10;9697084942;S
20240226;101701;3105.5;1;9697085432;B
20240226;101701;3105.5;7;9697085516;B
20240226;101702;3105.5;1;9697085582;B
20240226;101703;3105.5;14;9697085963;B
20240226;101704;3105;20;9697086221;S
20240226;101704;3105.5;1;9697086343;B
20240226;101707;3105;3;9697086878;S
20240226;101707;3105;2;9697086879;S
20240226;101707;3105;1;9697086962;S
20240226;101713;3105.5;20;9697088101;B
20240226;101714;3105.5;6;9697088227;B
20240226;101714;3105.5;5;9697088228;B
20240226;101714;3105.5;11;9697088229;B
20240226;101714;3105.5;2;9697088230;B
20240226;101714;3105.5;56;9697088231;B
20240226;101714;3105;1;9697088316;S
20240226;101715;3105;8;9697088443;S
20240226;101715;3105;9;9697088444;S
20240226;101715;3105;1;9697088445;S
20240226;101715;3105;3;9697088446;S
20240226;101715;3105.5;1;9697088734;B
20240226;101716;3105;1;9697088925;S
20240226;101716;3105;50;9697088926;S
20240226;101716;3104.5;29;9697088927;S
20240226;101719;3105;2;9697089595;B
20240226;101722;3105;11;9697090540;B
20240226;101722;3105;339;9697090541;B
20240226;101723;3105;103;9697090704;B
20240226;101725;3105;58;9697091105;B
20240226;101725;3104.5;9;9697091176;S
20240226;101726;3105;17;9697091272;B
20240226;101726;3104.5;5;9697091382;S
20240226;101729;3104.5;3;9697092180;S
20240226;101729;3104.5;7;9697092181;S
20240226;101731;3104.5;26;9697092821;S
20240226;101731;3104.5;15;9697092822;S
20240226;101731;3104;2;9697092823;S
20240226;101731;3104;50;9697092824;S
20240226;101731;3104;15;9697092825;S
20240226;101731;3104;1;9697092826;S
20240226;101731;3104;50;9697092827;S
20240226;101731;3104;11;9697092828;S
20240226;101731;3104;25;9697092829;S
20240226;101733;3103.5;30;9697093456;S
20240226;101734;3104;5;9697093614;B
20240226;101737;3103.5;70;9697094205;S
20240226;101737;3103.5;11;9697094206;S
20240226;101737;3103;1;9697094207;S
20240226;101737;3103;60;9697094208;S
20240226;101737;3102.5;33;9697094209;S
20240226;101737;3102;115;9697094210;S
20240226;101737;3102;18;9697094211;S
20240226;101737;3102;25;9697094212;S
20240226;101737;3102;80;9697094213;S
20240226;101738;3103.5;1;9697094746;B
20240226;101742;3104;1;9697095987;B
20240226;101743;3104;111;9697096166;B
20240226;101743;3104;20;9697096167;B
20240226;101743;3103.5;33;9697096244;S
20240226;101744;3103.5;66;9697096332;S
20240226;101744;3103.5;11;9697096333;S
20240226;101744;3103.5;18;9697096334;S
20240226;101744;3102.5;33;9697096335;S
20240226;101744;3102;66;9697096336;S
20240226;101744;3102;25;9697096337;S
20240226;101744;3102;25;9697096338;S
20240226;101745;3103;1;9697096513;B
20240226;101746;3103.5;70;9697096885;S
20240226;101746;3103.5;20;9697096886;S
20240226;101746;3103.5;33;9697096887;S
20240226;101746;3103.5;11;9697096888;S
20240226;101746;3103;49;9697096889;S
20240226;101746;3103;50;9697096890;S
20240226;101746;3103;50;9697096891;S
20240226;101746;3103;100;9697096892;S
20240226;101746;3103;17;9697096893;S
20240226;101747;3104;1;9697097002;B
20240226;101747;3104;4;9697097076;B
20240226;101748;3103;2;9697097279;S
20240226;101748;3103.5;1;9697097337;B
20240226;101752;3103;11;9697098221;S
20240226;101752;3103;1;9697098222;S
20240226;101752;3102.5;1;9697098223;S
20240226;101752;3102.5;9;9697098224;S
20240226;101752;3102;378;9697098225;S
20240226;101754;3102.5;2;9697098670;B
20240226;101754;3102;10;9697098691;S
20240226;101754;3102.5;3;9697098824;B
20240226;101754;3103.5;2;9697098825;B
20240226;101755;3103;1;9697099026;B
20240226;101756;3103;1;9697099218;B
20240226;101758;3102.5;11;9697099518;S
20240226;101758;3102;690;9697099519;S
20240226;101758;3102;80;9697099520;S
20240226;101758;3102;25;9697099521;S
20240226;101758;3101.5;3;9697099522;S
20240226;101758;3101.5;10;9697099523;S
20240226;101758;3101.5;33;9697099524;S
20240226;101758;3101;1;9697099525;S
20240226;101758;3101;5;9697099526;S
20240226;101758;3101;7;9697099527;S
20240226;101758;3101;2;9697099528;S
20240226;101758;3101;1;9697099529;S
20240226;101758;3101;100;9697099530;S
20240226;101758;3101;3;9697099531;S
20240226;101758;3101;29;9697099532;S
20240226;101759;3103;2;9697099730;B
20240226;101759;3101.5;25;9697099842;S
20240226;101759;3101;10;9697099843;S
20240226;101759;3101;35;9697099844;S
20240226;101759;3101;80;9697099845;S
20240226;101759;3100.5;5;9697099846;S
20240226;101759;3100.5;1;9697099847;S
20240226;101759;3100.5;1;9697099848;S
20240226;101759;3100.5;2;9697099849;S
20240226;101759;3100.5;4;9697099850;S
20240226;101759;3100.5;1;9697099851;S
20240226;101759;3100;4;9697099852;S
20240226;101759;3100;1;9697099853;S
20240226;101759;3100;6;9697099854;S
20240226;101759;3100;10;9697099855;S
20240226;101759;3100;150;9697099856;S
20240226;101759;3100;25;9697099857;S
20240226;101759;3100;2;9697099858;S
20240226;101759;3100;10;9697099859;S
20240226;101759;3100;5;9697099860;S
20240226;101759;3100;10;9697099861;S
20240226;101759;3100;308;9697099862;S
20240226;101759;3100;127;9697099863;S
20240226;101759;3100;2;9697099864;S
20240226;101759;3100;6;9697099865;S
20240226;101759;3100;10;9697099866;S
20240226;101759;3100;19;9697099867;S
20240226;101759;3100;6;9697099868;S
20240226;101759;3100;20;9697099869;S
20240226;101759;3100;1;9697099870;S
20240226;101759;3100;45;9697099871;S
20240226;101759;3100;30;9697099872;S
20240226;101759;3099;2;9697099880;S
20240226;101759;3099;1;9697099919;S
20240226;101759;3099;1;9697099920;S
20240226;101759;3099;1;9697099921;S
20240226;101759;3098.5;30;9697099922;S
20240226;101759;3098;5;9697099923;S
20240226;101759;3098;12;9697099924;S
20240226;101759;3098;1;9697099925;S
20240226;101759;3099;1;9697099942;B
20240226;101802;3099;2;9697100664;S
20240226;101802;3098.5;3;9697100691;B
20240226;101802;3099;6;9697100692;B
20240226;101803;3099;1;9697100898;B
20240226;101803;3099.5;24;9697100899;B
20240226;101803;3100;82;9697100900;B
20240226;101803;3100;54;9697100901;B
20240226;101803;3100.5;101;9697100902;B
20240226;101803;3102;25;9697100903;B
20240226;101803;3102;30;9697100904;B
20240226;101803;3102.5;33;9697100905;B
20240226;101803;3103;18;9697100906;B
20240226;101803;3103;80;9697100907;B
20240226;101803;3103.5;5;9697100908;B
20240226;101803;3104;1;9697100909;B
20240226;101803;3104;7;9697100910;B
20240226;101803;3104;80;9697100911;B
20240226;101803;3104.5;12;9697100912;B
20240226;101805;3100;25;9697101432;S
20240226;101805;3100;48;9697101433;S
20240226;101808;3101;1;9697102139;B
20240226;101810;3102.5;1;9697102771;B
20240226;101812;3101.5;1;9697103329;S
20240226;101813;3103.5;1;9697103428;S
20240226;101813;3102.5;1;9697103545;B
20240226;101813;3103.5;1;9697103546;S
20240226;101813;3103.5;1;9697103578;S
20240226;101813;3101.5;25;9697103579;S
20240226;101813;3100.5;85;9697103580;S
20240226;101814;3102.5;10;9697103777;S
20240226;101815;3101.5;1;9697104182;S
20240226;101815;3101;1;9697104183;S
20240226;101817;3100.5;5;9697104627;S
20240226;101818;3100.5;20;9697104970;S
20240226;101818;3100.5;1;9697104971;S
20240226;101818;3100;3;9697104972;S
20240226;101818;3100;10;9697104973;S
20240226;101818;3101;2;9697105026;B
20240226;101819;3100;30;9697105196;S
20240226;101820;3099.5;4;9697105455;B
20240226;101820;3099.5;10;9697105495;B
20240226;101820;3099;2;9697105506;S
20240226;101820;3099;2;9697105507;S
20240226;101821;3099;10;9697105622;B
20240226;101821;3098.5;1;9697105741;B
20240226;101821;3099;1;9697105742;B
20240226;101823;3099;15;9697106271;B
20240226;101823;3099.5;19;9697106272;B
20240226;101823;3100;19;9697106273;B
20240226;101827;3099;2;9697107321;S
20240226;101827;3099;23;9697107322;S
20240226;101827;3098;7;9697107323;S
20240226;101827;3097.5;4;9697107324;S
20240226;101827;3097.5;3;9697107325;S
20240226;101827;3097;1;9697107326;S
20240226;101829;3099;1;9697107879;S
20240226;101832;3098;2;9697108435;B
20240226;101833;3098;3;9697108504;B
20240226;101835;3097.5;2;9697108937;S
20240226;101835;3097;2;9697108938;S
20240226;101843;3098;9;9697110481;B
20240226;101844;3097;1;9697110717;S
20240226;101847;3096.5;2;9697111445;S
20240226;101848;3097;1;9697111550;B
20240226;101850;3096.5;3;9697112042;S
20240226;101850;3096.5;1;9697112043;S
20240226;101852;3097;5;9697112702;B
20240226;101852;3097;1;9697112703;B
20240226;101852;3097;4;9697112704;B
20240226;101853;3096.5;2;9697112834;S
20240226;101853;3097;1;9697112853;B
20240226;101854;3097;4;9697113035;B
20240226;101854;3096.5;2;9697113082;S
20240226;101855;3096.5;1;9697113271;S
20240226;101855;3096.5;20;9697113293;S
20240226;101855;3096.5;9;9697113294;S
20240226;101855;3096.5;1;9697113295;S
20240226;101856;3097;1;9697113586;B
20240226;101900;3098.5;6;9697114398;S
20240226;101902;3099;9;9697114747;B
20240226;101902;3099;5;9697114772;B
20240226;101902;3099;1;9697114773;B
20240226;101902;3099;44;9697114774;B
20240226;101903;3099.5;2;9697114869;S
20240226;101903;3099.5;1;9697114870;S
20240226;101903;3099.5;26;9697114877;S
20240226;101903;3099;35;9697114883;B
20240226;101903;3099;33;9697114969;B
20240226;101903;3099;5;9697115020;B
20240226;101904;3099;4;9697115136;B
20240226;101904;3099;4;9697115229;B
20240226;101905;3099;4;9697115440;B
20240226;101905;3099;3;9697115559;B
20240226;101907;3099;10;9697116194;B
20240226;101908;3098.5;10;9697116359;S
20240226;101909;3098.5;20;9697116486;S
20240226;101909;3098.5;14;9697116487;S
20240226;101909;3098;25;9697116488;S
20240226;101910;3098;33;9697116693;S
20240226;101910;3097.5;25;9697116694;S
20240226;101910;3097;2;9697116695;S
20240226;101910;3097;50;9697116696;S
20240226;101910;3096.5;1;9697116697;S
20240226;101910;3096.5;14;9697116698;S
20240226;101910;3096.5;25;9697116699;S
20240226;101910;3096;20;9697116700;S
20240226;101910;3096;8;9697116701;S
20240226;101910;3096;80;9697116702;S
20240226;101910;3096;1;9697116703;S
20240226;101910;3095.5;91;9697116704;S
20240226;101912;3098;1;9697117280;B
20240226;101912;3098.5;48;9697117281;B
20240226;101912;3099;27;9697117282;B
20240226;101912;3099;10;9697117283;B
20240226;101912;3099.5;14;9697117284;B
20240226;101913;3097.5;1;9697117459;B
20240226;101915;3099;1;9697118004;S
20240226;101915;3099;1;9697118019;S
20240226;101917;3098.5;1;9697118325;S
20240226;101918;3099;5;9697118573;B
20240226;101922;3099.5;10;9697119309;B
20240226;101922;3099.5;2;9697119485;B
20240226;101922;3099;8;9697119504;S
20240226;101923;3099;17;9697119665;B
20240226;101923;3099.5;13;9697119666;B
20240226;101923;3100;72;9697119667;B
20240226;101923;3098.5;33;9697119691;S
20240226;101923;3098;80;9697119692;S
20240226;101923;3097.5;1;9697119693;S
20240226;101923;3097.5;30;9697119694;S
20240226;101923;3097;60;9697119695;S
20240226;101923;3096.5;5;9697119696;S
20240226;101923;3096.5;141;9697119697;S
20240226;101923;3096.5;1;9697119698;S
20240226;101923;3096;25;9697119699;S
20240226;101923;3096;24;9697119700;S
20240226;101924;3097.5;3;9697120114;B
20240226;101924;3097.5;2;9697120115;B
20240226;101924;3099.5;3;9697120161;B
20240226;101930;3099.5;1;9697121045;B
20240226;101930;3100;38;9697121228;B
20240226;101930;3100;8;9697121341;B
20240226;101931;3099.5;5;9697121660;S
20240226;101932;3099.5;4;9697121754;S
20240226;101932;3099;1;9697121755;S
20240226;101934;3097.5;5;9697122041;S
20240226;101935;3097.5;5;9697122286;S
20240226;101936;3098;5;9697122467;B
20240226;101936;3098.5;10;9697122468;B
20240226;101936;3099;5;9697122469;B
20240226;101939;3099.5;2;9697123020;S
20240226;101939;3099.5;2;9697123023;S
20240226;101939;3100;4;9697123189;B
20240226;101940;3100;3;9697123248;B
20240226;101940;3099.5;31;9697123352;S
20240226;101940;3099.5;12;9697123353;S
20240226;101940;3097.5;30;9697123354;S
20240226;101941;3100;1;9697123482;B
20240226;101943;3100;103;9697123871;B
20240226;101947;3098;1;9697124515;S
20240226;101947;3098;1;9697124516;S
20240226;101949;3098;3;9697124794;B
20240226;101950;3098;1;9697124900;S
20240226;101951;3098;1;9697125041;S
20240226;101954;3098;55;9697125726;S
20240226;101954;3098;2;9697125727;S
20240226;101954;3098;1;9697125728;S
20240226;101956;3098;2;9697126008;B
20240226;102003;3097.5;3;9697127141;S
20240226;102003;3097;7;9697127142;S
20240226;102003;3098;12;9697127147;B
20240226;102003;3098;1;9697127178;B
20240226;102005;3097.5;3;9697127438;S
20240226;102005;3097.5;10;9697127439;S
20240226;102005;3097;7;9697127440;S
20240226;102006;3098;3;9697127797;B
20240226;102008;3098;1;9697128189;B
20240226;102009;3097.5;29;9697128534;S
20240226;102009;3098;2;9697128541;B
20240226;102010;3098;7;9697128689;B
20240226;102010;3098;1;9697128715;B
20240226;102010;3098;1;9697128842;B
20240226;102013;3098;1;9697129340;B
20240226;102013;3097.5;1;9697129440;S
20240226;102014;3098;1;9697129654;B
20240226;102014;3098;1;9697129788;B
20240226;102016;3098;20;9697130078;B
20240226;102016;3097.5;1;9697130156;S
20240226;102020;3098;1;9697130797;B
20240226;102020;3098;2;9697130936;B
20240226;102021;3098;2;9697130995;B
20240226;102021;3097.5;2;9697131120;S
20240226;102023;3098;20;9697131419;B
20240226;102023;3098;22;9697131641;B
20240226;102024;3097.5;1;9697132653;S
20240226;102026;3098;4;9697133747;B
20240226;102026;3097.5;2;9697133752;S
20240226;102026;3097.5;19;9697133753;S
20240226;102027;3098;1;9697134409;B
20240226;102027;3097.5;1;9697134758;S
20240226;102027;3098;137;9697135207;B
20240226;102027;3098;2;9697135208;B
20240226;102027;3098;200;9697135209;B
20240226;102027;3098;1;9697135210;B
20240226;102027;3098;4;9697135211;B
20240226;102027;3098;3;9697135212;B
20240226;102027;3098;53;9697135213;B
20240226;102027;3098;12;9697135214;B
20240226;102027;3098;34;9697135215;B
20240226;102031;3097.5;8;9697136857;S
20240226;102033;3097.5;7;9697137217;S
20240226;102033;3098;1;9697138057;B
20240226;102038;3098;1;9697140238;B
20240226;102043;3098;3;9697143065;B
20240226;102043;3098;10;9697143066;B
20240226;102043;3098.5;5;9697143067;B
20240226;102043;3098.5;53;9697143068;B
20240226;102043;3099;11;9697143069;B
20240226;102043;3099;5;9697143070;B
20240226;102043;3098;4;9697143292;S
20240226;102043;3098;4;9697143377;S
20240226;102043;3098;4;9697143394;S
20240226;102044;3098;4;9697143408;S
20240226;102044;3098;4;9697143420;S
20240226;102044;3097.5;2;9697143507;S
20240226;102044;3097.5;1;9697143508;S
20240226;102044;3097.5;1;9697143509;S
20240226;102044;3097.5;7;9697143510;S
20240226;102044;3097.5;7;9697143512;S
20240226;102045;3097.5;9;9697143769;S
20240226;102045;3097.5;7;9697143770;S
20240226;102045;3097.5;29;9697143771;S
20240226;102048;3098;1;9697146026;B
20240226;102049;3098;1;9697146673;B
20240226;102050;3097.5;1;9697146721;S
20240226;102051;3097.5;6;9697147049;S
20240226;102052;3097.5;1;9697147499;S
20240226;102053;3098;2;9697148162;B
20240226;102053;3098;2;9697148163;B
20240226;102053;3098.5;6;9697148164;B
20240226;102053;3098;4;9697148201;S
20240226;102053;3098;2;9697148256;B
20240226;102054;3098;2;9697148558;B
20240226;102054;3098;2;9697148620;B
20240226;102054;3097.5;1;9697148697;S
20240226;102054;3098;2;9697148714;B
20240226;102054;3098;1;9697148726;S
20240226;102054;3098;1;9697148765;B
20240226;102054;3098.5;8;9697148766;B
20240226;102055;3098;1;9697148873;B
20240226;102056;3098;1;9697149123;B
20240226;102058;3098;2;9697149942;B
20240226;102101;3098;1;9697150529;B
20240226;102101;3098.5;1;9697150630;B
20240226;102102;3099;1;9697151449;B
20240226;102103;3098;1;9697151827;S
20240226;102103;3099;23;9697151863;B
20240226;102104;3099;6;9697152023;B
20240226;102104;3099;6;9697152747;B
20240226;102105;3099;5;9697153370;B
20240226;102106;3099;5;9697153724;B
20240226;102106;3098;6;9697153737;S
20240226;102107;3099;4;9697153947;B
20240226;102107;3099;45;9697154218;B
20240226;102107;3099.5;1;9697154269;B
20240226;102107;3099.5;3;9697154270;B
20240226;102108;3099.5;3;9697154407;B
20240226;102108;3098.5;25;9697154421;S
20240226;102108;3099.5;3;9697154506;B
20240226;102109;3099.5;1;9697154956;B
20240226;102112;3099.5;1;9697156170;B
20240226;102112;3099.5;6;9697156341;B
20240226;102113;3099.5;1;9697156519;B
20240226;102113;3099.5;5;9697156994;B
20240226;102115;3099.5;5;9697157642;B
20240226;102115;3099.5;2;9697157809;B
20240226;102116;3099;1;9697158147;S
20240226;102117;3099.5;8;9697158179;B
20240226;102117;3098.5;1;9697158512;S
20240226;102119;3099.5;1;9697159220;S
20240226;102119;3100;175;9697159232;B
20240226;102121;3100;50;9697160226;B
20240226;102121;3099.5;1;9697160266;S
20240226;102122;3100;1;9697160738;B
20240226;102123;3100;4;9697160995;B
20240226;102123;3100;2;9697161254;B
20240226;102123;3100;67;9697161310;B
20240226;102123;3100;4;9697161390;B
20240226;102124;3100;2;9697161523;B
20240226;102124;3100;2;9697161667;B
20240226;102125;3100;35;9697161749;B
20240226;102125;3100;20;9697161863;B
20240226;102125;3100;40;9697161956;B
20240226;102126;3100;2;9697162006;B
20240226;102126;3100;1;9697162007;B
20240226;102126;3100;501;9697162009;B
20240226;102126;3100;3;9697162015;B
20240226;102126;3100;43;9697162129;B
20240226;102126;3100;5;9697162130;B
20240226;102126;3100;100;9697162131;B
20240226;102126;3100;17;9697162132;B
20240226;102126;3100;200;9697162133;B
20240226;102126;3100;10;9697162134;B
20240226;102126;3100;1;9697162135;B
20240226;102126;3100;124;9697162136;B
20240226;102127;3100;71;9697162509;B
20240226;102127;3100;5;9697162598;B
20240226;102128;3099.5;1;9697163422;S
20240226;102128;3100;1;9697163472;B
20240226;102128;3100;5;9697163493;B
20240226;102128;3100;2;9697163494;B
20240226;102129;3099.5;2;9697163827;S
20240226;102129;3100;10;9697163847;B
20240226;102130;3100;10;9697164430;B
20240226;102130;3100;10;9697164431;B
20240226;102130;3100;3;9697164432;B
20240226;102130;3100;3;9697164433;B
20240226;102130;3100;74;9697164434;B
20240226;102131;3100;1;9697164693;B
20240226;102131;3100;1;9697164720;B
20240226;102131;3100;2;9697164745;B
20240226;102131;3100;1;9697164871;B
20240226;102132;3100;11;9697165183;B
20240226;102132;3100;6;9697165184;B
20240226;102133;3100;1;9697165311;B
20240226;102133;3099.5;1;9697165317;S
20240226;102133;3100;1;9697165339;B
20240226;102134;3100;1;9697165962;B
20240226;102135;3100;4;9697166096;B
20240226;102135;3100;4;9697166761;B
20240226;102135;3100;22;9697166816;B
20240226;102136;3100;3;9697167005;B
20240226;102136;3100;3;9697167066;B
20240226;102136;3100;3;9697167179;B
20240226;102137;3100;40;9697167632;B
20240226;102138;3099.5;50;9697167863;S
20240226;102138;3100;1;9697168431;B
20240226;102139;3100;7;9697168866;B
20240226;102140;3100;6;9697169100;B
20240226;102140;3099.5;3;9697169222;S
20240226;102140;3100;8;9697169237;B
20240226;102140;3100;1;9697169238;B
20240226;102140;3100;6;9697169283;B
20240226;102140;3100;4;9697169284;B
20240226;102141;3100;5;9697169504;B
20240226;102141;3100;1;9697169505;B
20240226;102141;3100;7;9697169535;B
20240226;102142;3100;2;9697169691;B
20240226;102142;3100;21;9697169777;B
20240226;102143;3100;1;9697170055;B
20240226;102143;3100;1;9697170056;B
20240226;102143;3100;1;9697170057;B
20240226;102143;3099.5;1;9697170084;S
