<DATE>;<TIME>;<LAST>;<VOL>;<ID>;<OPER>
20240126;095948;2807.500000000;1;9468463954;S
20240126;095948;2807.500000000;5;9468463955;S
20240126;095948;2807.500000000;2;9468463956;S
20240126;095948;2807.500000000;1;9468463957;S
20240126;095948;2807.500000000;47;9468463958;S
20240126;095948;2807.500000000;3;9468463959;S
20240126;095948;2807.500000000;4;9468463960;S
20240126;095948;2807.500000000;1;9468463961;B
20240126;095948;2807.500000000;10;9468463962;B
20240126;095948;2807.500000000;2;9468463963;B
20240126;095948;2807.500000000;3;9468463964;B
20240126;095948;2807.500000000;5;9468463965;B
20240126;095948;2807.500000000;12;9468463966;B
20240126;095948;2807.500000000;18;9468463967;B
20240126;095948;2807.500000000;30;9468463968;B
20240126;095948;2807.500000000;8;9468463969;S
20240126;095948;2807.500000000;1;9468463970;B
20240126;095948;2807.500000000;1;9468463971;B
20240126;095948;2807.500000000;1;9468463972;B
20240126;095948;2807.500000000;5;9468463973;S
20240126;095948;2807.500000000;1;9468463974;S
20240126;095948;2807.500000000;10;9468463975;S
20240126;095948;2807.500000000;6;9468463976;S
20240126;095948;2807.500000000;5;9468463977;S
20240126;095948;2807.500000000;130;9468463978;S
20240126;095948;2807.500000000;1;9468463979;S
20240126;095948;2807.500000000;1;9468463980;S
20240126;095948;2807.500000000;1;9468463981;S
20240126;095948;2807.500000000;11;9468463982;S
20240126;095948;2807.500000000;79;9468463983;S
20240126;095948;2807.500000000;1;9468463984;B
20240126;095948;2807.500000000;1;9468463985;B
20240126;095948;2807.500000000;1;9468463986;B
20240126;095948;2807.500000000;1;9468463987;B
20240126;095948;2807.500000000;17;9468463988;B
20240126;095948;2807.500000000;4;9468463989;B
20240126;095948;2807.500000000;1;9468463990;S
20240126;095948;2807.500000000;1;9468463991;B
20240126;095948;2807.500000000;1;9468463992;B
20240126;095948;2807.500000000;8;9468463993;S
20240126;095948;2807.500000000;6;9468463994;S
20240126;095948;2807.500000000;10;9468463995;S
20240126;095948;2807.500000000;1;9468463996;S
20240126;095948;2807.500000000;25;9468463997;S
20240126;095948;2807.500000000;10;9468463998;S
20240126;095948;2807.500000000;3;9468463999;S
20240126;095948;2807.500000000;8;9468464000;S
20240126;095948;2807.500000000;4;9468464001;S
20240126;095948;2807.500000000;25;9468464002;S
20240126;095948;2807.500000000;4;9468464003;S
20240126;095948;2807.500000000;10;9468464004;S
20240126;095948;2807.500000000;5;9468464005;B
20240126;095948;2807.500000000;29;9468464006;B
20240126;095948;2807.500000000;6;9468464007;B
20240126;095948;2807.500000000;1;9468464008;B
20240126;095948;2807.500000000;2;9468464009;B
20240126;095948;2807.500000000;89;9468464010;B
20240126;095948;2807.500000000;1;9468464011;S
20240126;095948;2807.500000000;3;9468464012;S
20240126;095948;2807.500000000;1;9468464013;S
20240126;095948;2807.500000000;1;9468464014;S
20240126;095948;2807.500000000;1;9468464015;S
20240126;095948;2807.500000000;5;9468464016;S
20240126;095948;2807.500000000;1;9468464017;S
20240126;095948;2807.500000000;1;9468464018;S
20240126;095948;2807.500000000;21;9468464019;S
20240126;095948;2807.500000000;6;9468464020;S
20240126;095948;2807.500000000;14;9468464021;B
20240126;095948;2807.500000000;1;9468464022;B
20240126;095948;2807.500000000;2;9468464023;S
20240126;095948;2807.500000000;50;9468464024;B
20240126;095948;2807.500000000;10;9468464025;B
20240126;095948;2807.500000000;25;9468464026;S
20240126;095948;2807.500000000;250;9468464027;S
20240126;095948;2807.500000000;1;9468464028;B
20240126;095948;2807.500000000;1;9468464029;B
20240126;095948;2807.500000000;1;9468464030;B
20240126;095948;2807.500000000;35;9468464031;S
20240126;095948;2807.500000000;1;9468464032;B
20240126;095948;2807.500000000;1;9468464033;B
20240126;095948;2807.500000000;10;9468464034;B
20240126;095948;2807.500000000;10;9468464035;S
20240126;095948;2807.500000000;1;9468464036;S
20240126;095948;2807.500000000;2;9468464037;S
20240126;095948;2807.500000000;1;9468464038;S
20240126;095948;2807.500000000;100;9468464039;S
20240126;095948;2807.500000000;1;9468464040;B
20240126;095948;2807.500000000;2;9468464041;B
20240126;095948;2807.500000000;1;9468464042;B
20240126;095948;2807.500000000;20;9468464043;S
20240126;095948;2807.500000000;1;9468464044;B
20240126;095948;2807.500000000;20;9468464045;S
20240126;095948;2807.500000000;2;9468464046;S
20240126;095948;2807.500000000;1;9468464047;S
20240126;095948;2807.500000000;1;9468464048;B
20240126;095948;2807.500000000;1;9468464049;B
20240126;095948;2807.500000000;15;9468464050;B
20240126;095948;2807.500000000;7;9468464051;B
20240126;095948;2807.500000000;2;9468464052;B
20240126;095948;2807.500000000;10;9468464053;S
20240126;095948;2807.500000000;15;9468464054;S
20240126;095948;2807.500000000;41;9468464055;S
20240126;095948;2807.500000000;59;9468464056;S
20240126;095948;2807.500000000;52;9468464057;S
20240126;095948;2807.500000000;10;9468464058;B
20240126;095948;2807.500000000;6;9468464059;S
20240126;095948;2807.500000000;11;9468464060;S
20240126;095948;2807.500000000;10;9468464061;B
20240126;095948;2807.500000000;29;9468464062;S
20240126;095948;2807.500000000;17;9468464063;S
20240126;100000;2807.000000000;10;9468469658;B
20240126;100000;2807.000000000;18;9468469679;B
20240126;100000;2807.000000000;1;9468469884;S
20240126;100000;2807.500000000;4;9468469907;B
20240126;100000;2807.500000000;2;9468469908;B
20240126;100000;2808.000000000;7;9468469909;B
20240126;100000;2807.000000000;5;9468469943;S
20240126;100000;2807.000000000;5;9468469973;S
20240126;100000;2807.000000000;5;9468469990;S
20240126;100000;2807.000000000;5;9468470102;S
20240126;100000;2807.000000000;1;9468470247;S
20240126;100000;2805.000000000;1;9468470262;S
20240126;100000;2803.500000000;3;9468470274;S
20240126;100000;2807.500000000;1;9468470330;B
20240126;100000;2807.500000000;6;9468470465;B
20240126;100001;2804.500000000;10;9468470950;S
20240126;100001;2808.000000000;8;9468471077;B
20240126;100001;2806.500000000;36;9468471116;B
20240126;100001;2806.500000000;2;9468471125;S
20240126;100001;2806.500000000;2;9468471204;S
20240126;100001;2807.000000000;1;9468471240;B
20240126;100001;2806.500000000;2;9468471254;S
20240126;100001;2807.000000000;2;9468471386;B
20240126;100001;2807.000000000;70;9468471527;B
20240126;100001;2806.500000000;1;9468471573;S
20240126;100001;2807.000000000;50;9468471631;B
20240126;100001;2806.500000000;1;9468471643;S
20240126;100001;2807.000000000;57;9468471664;B
20240126;100001;2807.000000000;15;9468471665;B
20240126;100001;2806.500000000;6;9468471670;S
20240126;100001;2806.000000000;4;9468471672;B
20240126;100002;2806.000000000;4;9468471693;S
20240126;100002;2807.000000000;1;9468471713;B
20240126;100002;2808.000000000;36;9468471721;B
20240126;100002;2808.000000000;6;9468471769;S
20240126;100002;2805.000000000;61;9468471770;S
20240126;100002;2805.000000000;183;9468471772;B
20240126;100002;2807.500000000;36;9468471782;B
20240126;100002;2808.000000000;14;9468471783;B
20240126;100002;2808.000000000;10;9468471785;B
20240126;100002;2808.000000000;10;9468471789;B
20240126;100002;2808.000000000;2;9468471818;B
20240126;100002;2808.000000000;29;9468471835;B
20240126;100002;2805.000000000;10;9468471853;S
20240126;100002;2808.000000000;36;9468471864;B
20240126;100002;2808.500000000;4;9468471865;B
20240126;100002;2808.000000000;2;9468471918;B
20240126;100002;2803.500000000;2;9468472003;S
20240126;100002;2803.500000000;10;9468472014;S
20240126;100002;2803.500000000;1;9468472036;S
20240126;100002;2804.500000000;10;9468472139;S
20240126;100002;2805.000000000;40;9468472142;B
20240126;100002;2805.500000000;5;9468472143;B
20240126;100002;2805.500000000;10;9468472145;S
20240126;100002;2805.500000000;45;9468472191;S
20240126;100002;2805.000000000;91;9468472201;B
20240126;100002;2805.000000000;1;9468472218;B
20240126;100002;2804.500000000;10;9468472220;S
20240126;100002;2804.500000000;1;9468472353;S
20240126;100002;2804.500000000;1;9468472357;S
20240126;100003;2804.500000000;6;9468472488;S
20240126;100003;2804.500000000;1;9468472489;S
20240126;100003;2804.500000000;3;9468472490;S
20240126;100003;2804.500000000;1;9468472525;S
20240126;100003;2805.500000000;10;9468472814;S
20240126;100003;2805.500000000;1;9468472847;S
20240126;100003;2805.500000000;17;9468472881;S
20240126;100003;2805.000000000;25;9468472882;S
20240126;100003;2804.500000000;27;9468472883;S
20240126;100003;2804.500000000;1;9468472897;S
20240126;100003;2804.500000000;27;9468473021;S
20240126;100003;2804.500000000;27;9468473022;S
20240126;100003;2804.000000000;86;9468473023;S
20240126;100003;2804.000000000;2;9468473035;S
20240126;100003;2807.000000000;20;9468473087;B
20240126;100003;2804.000000000;3;9468473100;S
20240126;100003;2803.500000000;2;9468473101;S
20240126;100003;2803.500000000;1;9468473162;S
20240126;100003;2803.500000000;50;9468473163;S
20240126;100004;2803.500000000;5;9468473330;S
20240126;100004;2807.000000000;4;9468473391;B
20240126;100004;2804.000000000;4;9468473502;S
20240126;100004;2803.500000000;1;9468473503;S
20240126;100004;2807.500000000;1;9468473613;B
20240126;100004;2807.500000000;1;9468473614;B
20240126;100005;2803.500000000;1;9468474227;S
20240126;100005;2806.500000000;1;9468474627;B
20240126;100005;2806.500000000;35;9468474635;B
20240126;100005;2806.500000000;1;9468474636;B
20240126;100005;2808.000000000;20;9468474776;B
20240126;100005;2807.000000000;4;9468475203;B
20240126;100005;2804.500000000;1;9468475360;S
20240126;100005;2805.000000000;2;9468475889;S
20240126;100005;2804.000000000;16;9468475890;S
20240126;100006;2807.000000000;2;9468476031;B
20240126;100006;2804.000000000;6;9468476121;S
20240126;100006;2803.500000000;4;9468476122;S
20240126;100006;2803.500000000;8;9468476123;S
20240126;100006;2803.500000000;32;9468476124;S
20240126;100006;2803.000000000;106;9468476684;S
20240126;100006;2803.000000000;10;9468476685;S
20240126;100006;2801.500000000;28;9468476686;S
20240126;100006;2801.000000000;5;9468476687;S
20240126;100006;2800.500000000;80;9468476688;S
20240126;100006;2800.000000000;15;9468476689;S
20240126;100006;2800.000000000;12;9468476690;S
20240126;100006;2800.000000000;22;9468476691;S
20240126;100006;2800.000000000;1;9468476692;S
20240126;100006;2800.000000000;10;9468476693;S
20240126;100006;2800.000000000;20;9468476694;S
20240126;100006;2800.000000000;89;9468476695;S
20240126;100006;2800.000000000;102;9468476696;B
20240126;100006;2802.500000000;20;9468476777;B
20240126;100006;2802.500000000;16;9468476781;B
20240126;100006;2802.500000000;14;9468476782;B
20240126;100006;2803.000000000;5;9468476930;B
20240126;100006;2803.000000000;3;9468477051;B
20240126;100006;2804.000000000;1;9468477240;B
20240126;100006;2804.000000000;1;9468477327;B
20240126;100007;2804.000000000;20;9468477331;B
20240126;100007;2804.000000000;10;9468477332;B
20240126;100007;2804.000000000;50;9468477333;B
20240126;100007;2804.000000000;7;9468477335;B
20240126;100007;2804.000000000;12;9468477980;S
20240126;100008;2804.500000000;1;9468478163;B
20240126;100008;2803.500000000;10;9468478579;S
20240126;100008;2801.000000000;28;9468478580;S
20240126;100008;2801.000000000;2;9468478581;S
20240126;100008;2803.500000000;108;9468478604;B
20240126;100008;2803.500000000;28;9468478605;B
20240126;100008;2804.000000000;36;9468478606;B
20240126;100008;2804.000000000;28;9468478607;B
20240126;100010;2803.500000000;24;9468479029;B
20240126;100010;2801.000000000;3;9468479226;S
20240126;100010;2800.500000000;15;9468479227;S
20240126;100010;2803.500000000;11;9468479435;B
20240126;100011;2803.500000000;5;9468479555;B
20240126;100011;2803.500000000;20;9468479702;B
20240126;100012;2800.500000000;1;9468479940;S
20240126;100012;2800.500000000;19;9468479941;S
20240126;100013;2802.000000000;5;9468480027;B
20240126;100013;2803.500000000;1;9468480102;B
20240126;100013;2803.500000000;2;9468480114;B
20240126;100014;2803.500000000;2;9468480263;B
20240126;100015;2804.000000000;10;9468480582;B
20240126;100015;2803.500000000;1;9468480670;S
20240126;100016;2803.500000000;27;9468480758;S
20240126;100016;2804.500000000;2;9468480894;B
20240126;100018;2804.500000000;5;9468481384;B
20240126;100018;2804.000000000;5;9468481502;S
20240126;100018;2804.000000000;30;9468481503;S
20240126;100018;2804.000000000;4;9468481510;S
20240126;100019;2804.500000000;10;9468481608;B
20240126;100019;2804.000000000;39;9468481745;S
20240126;100020;2804.000000000;6;9468481944;S
20240126;100021;2804.500000000;400;9468482310;B
20240126;100021;2804.500000000;82;9468482311;B
20240126;100021;2804.000000000;1;9468482325;S
20240126;100022;2804.500000000;10;9468482479;S
20240126;100023;2806.000000000;1;9468482675;B
20240126;100023;2805.000000000;1;9468482788;S
20240126;100024;2806.000000000;4;9468482903;B
20240126;100025;2805.500000000;4;9468483281;S
20240126;100026;2805.500000000;2;9468483383;S
20240126;100027;2805.500000000;5;9468483612;S
20240126;100027;2805.500000000;9;9468483659;S
20240126;100027;2805.500000000;2;9468483660;S
20240126;100027;2805.500000000;5;9468483661;S
20240126;100027;2805.500000000;28;9468483662;S
20240126;100028;2805.000000000;4;9468483915;S
20240126;100028;2805.000000000;2;9468483916;S
20240126;100028;2804.500000000;20;9468483917;S
20240126;100028;2804.500000000;6;9468483918;S
20240126;100028;2804.000000000;8;9468483919;S
20240126;100031;2804.500000000;1;9468484889;B
20240126;100031;2805.000000000;2;9468484890;B
20240126;100032;2804.500000000;1;9468485003;B
20240126;100032;2804.500000000;10;9468485088;B
20240126;100033;2804.500000000;1;9468485151;B
20240126;100033;2804.500000000;18;9468485233;B
20240126;100033;2804.500000000;59;9468485288;B
20240126;100033;2804.500000000;36;9468485289;B
20240126;100033;2805.000000000;25;9468485290;B
20240126;100033;2805.000000000;380;9468485291;B
20240126;100033;2804.000000000;2;9468485320;S
20240126;100033;2804.500000000;89;9468485402;B
20240126;100033;2804.500000000;36;9468485403;B
20240126;100033;2805.000000000;240;9468485404;B
20240126;100033;2805.000000000;35;9468485405;B
20240126;100033;2805.500000000;456;9468485406;B
20240126;100033;2806.000000000;6;9468485407;B
20240126;100033;2806.000000000;38;9468485408;B
20240126;100034;2804.000000000;2;9468485424;S
20240126;100034;2805.500000000;11;9468485425;B
20240126;100034;2804.000000000;7;9468485427;S
20240126;100035;2804.000000000;126;9468485636;S
20240126;100035;2804.500000000;20;9468485661;B
20240126;100035;2804.500000000;15;9468485710;B
20240126;100035;2804.000000000;1;9468485840;S
20240126;100036;2804.000000000;3;9468485908;S
20240126;100036;2804.000000000;21;9468485974;S
20240126;100036;2804.000000000;15;9468485975;S
20240126;100037;2804.000000000;24;9468486078;B
20240126;100037;2804.000000000;31;9468486079;B
20240126;100037;2804.500000000;1;9468486128;B
20240126;100037;2803.500000000;1;9468486160;S
20240126;100037;2804.000000000;1;9468486211;B
20240126;100038;2804.000000000;4;9468486257;B
20240126;100038;2804.000000000;10;9468486374;B
20240126;100039;2804.000000000;1;9468486509;B
20240126;100040;2804.000000000;20;9468486722;B
20240126;100040;2804.000000000;17;9468486723;B
20240126;100040;2803.500000000;100;9468486892;S
20240126;100040;2803.500000000;50;9468486905;S
20240126;100040;2804.000000000;3;9468486986;B
20240126;100041;2804.000000000;23;9468487086;B
20240126;100042;2804.000000000;2;9468487239;B
20240126;100042;2804.000000000;5;9468487410;B
20240126;100042;2804.000000000;1;9468487411;B
20240126;100042;2804.000000000;12;9468487412;B
20240126;100042;2804.000000000;3;9468487413;B
20240126;100042;2804.000000000;5;9468487414;B
20240126;100044;2804.000000000;20;9468487886;B
20240126;100045;2804.000000000;10;9468487972;B
20240126;100045;2803.500000000;149;9468488126;S
20240126;100045;2803.000000000;250;9468488127;S
20240126;100045;2803.000000000;100;9468488128;S
20240126;100045;2802.000000000;161;9468488129;S
20240126;100046;2802.000000000;89;9468488155;S
20240126;100046;2802.000000000;28;9468488156;S
20240126;100046;2800.500000000;1;9468488157;S
20240126;100046;2800.500000000;98;9468488158;S
20240126;100046;2800.000000000;50;9468488159;S
20240126;100046;2800.000000000;5;9468488160;S
20240126;100046;2800.000000000;5;9468488161;S
20240126;100046;2800.000000000;24;9468488162;S
20240126;100046;2803.500000000;17;9468488297;B
20240126;100046;2802.500000000;50;9468488357;B
20240126;100047;2799.000000000;1;9468488426;S
20240126;100048;2800.500000000;10;9468488839;B
20240126;100049;2798.500000000;8;9468489006;S
20240126;100050;2799.000000000;1;9468489081;S
20240126;100050;2800.000000000;4;9468489086;B
20240126;100050;2800.000000000;4;9468489102;B
20240126;100050;2800.000000000;5;9468489148;B
20240126;100050;2798.500000000;50;9468489193;S
20240126;100051;2798.500000000;35;9468489312;S
20240126;100051;2800.500000000;1;9468489323;B
20240126;100051;2800.500000000;1;9468489351;B
20240126;100052;2798.500000000;107;9468489466;S
20240126;100052;2797.000000000;28;9468489467;S
20240126;100052;2797.000000000;89;9468489468;S
20240126;100052;2797.000000000;10;9468489549;B
20240126;100053;2796.500000000;7;9468489641;S
20240126;100053;2796.500000000;3;9468489852;S
20240126;100053;2795.500000000;1;9468489853;S
20240126;100053;2795.500000000;4;9468489854;S
20240126;100053;2795.000000000;2;9468489855;S
20240126;100053;2795.000000000;4;9468489856;S
20240126;100055;2797.000000000;15;9468490156;B
20240126;100056;2797.000000000;1;9468490264;B
20240126;100057;2796.000000000;10;9468490629;S
20240126;100057;2795.500000000;1;9468490630;S
20240126;100057;2795.000000000;11;9468490631;S
20240126;100057;2795.000000000;1;9468490632;S
20240126;100057;2795.000000000;77;9468490633;S
20240126;100058;2796.500000000;1;9468490763;B
20240126;100058;2797.000000000;5;9468490806;B
20240126;100059;2795.500000000;1;9468490875;S
20240126;100059;2796.000000000;1;9468490892;B
20240126;100059;2795.500000000;1;9468490896;S
20240126;100100;2795.500000000;98;9468491128;S
20240126;100100;2795.500000000;28;9468491129;S
20240126;100100;2795.500000000;25;9468491130;S
20240126;100100;2794.500000000;8;9468491131;S
20240126;100100;2794.000000000;77;9468491132;S
20240126;100100;2794.000000000;12;9468491164;S
20240126;100100;2794.000000000;22;9468491165;S
20240126;100100;2794.000000000;1;9468491198;S
20240126;100100;2794.000000000;5;9468491226;S
20240126;100100;2794.000000000;10;9468491227;S
20240126;100100;2796.000000000;10;9468491232;B
20240126;100102;2795.000000000;9;9468491676;S
20240126;100102;2795.000000000;1;9468491716;S
20240126;100102;2794.000000000;12;9468491723;S
20240126;100102;2795.000000000;9;9468491733;B
20240126;100103;2795.500000000;1;9468491765;B
20240126;100103;2796.000000000;1;9468491766;B
20240126;100103;2796.000000000;8;9468491853;B
20240126;100103;2797.000000000;98;9468491854;B
20240126;100103;2795.000000000;1;9468491870;S
20240126;100103;2793.500000000;2;9468491871;S
20240126;100103;2793.500000000;1;9468491872;S
20240126;100103;2793.500000000;1;9468491873;S
20240126;100103;2793.500000000;28;9468491874;S
20240126;100103;2793.000000000;89;9468491875;S
20240126;100103;2792.000000000;4;9468491876;S
20240126;100103;2792.000000000;52;9468491877;S
20240126;100103;2792.000000000;1;9468491878;S
20240126;100103;2792.000000000;10;9468491879;S
20240126;100103;2791.500000000;1;9468491880;S
20240126;100104;2792.000000000;40;9468491914;B
20240126;100104;2795.500000000;10;9468491915;B
20240126;100104;2792.000000000;4;9468492029;S
20240126;100105;2795.000000000;1;9468492213;B
20240126;100105;2795.500000000;9;9468492214;B
20240126;100105;2793.000000000;1;9468492289;S
20240126;100107;2793.000000000;2;9468492512;S
20240126;100108;2795.500000000;28;9468492709;B
20240126;100108;2795.500000000;22;9468492760;S
20240126;100108;2793.500000000;8;9468492761;S
20240126;100110;2795.500000000;5;9468493089;B
20240126;100110;2795.500000000;10;9468493162;B
20240126;100111;2795.500000000;13;9468493250;B
20240126;100111;2795.500000000;40;9468493251;B
20240126;100111;2796.000000000;1;9468493252;B
20240126;100111;2796.000000000;108;9468493253;B
20240126;100111;2796.500000000;38;9468493254;B
20240126;100112;2796.000000000;13;9468493501;B
20240126;100113;2793.500000000;1;9468493747;S
20240126;100114;2793.500000000;16;9468493805;S
20240126;100115;2795.500000000;1;9468493920;B
20240126;100115;2796.500000000;69;9468493921;B
20240126;100115;2793.000000000;1;9468493942;S
20240126;100115;2793.000000000;5;9468493943;S
20240126;100117;2793.000000000;2;9468494392;S
20240126;100119;2793.500000000;1;9468494670;B
20240126;100119;2793.500000000;1;9468494681;B
20240126;100119;2796.000000000;205;9468494781;B
20240126;100120;2796.000000000;10;9468494935;S
20240126;100120;2796.500000000;1;9468494937;B
20240126;100120;2797.000000000;18;9468494938;B
20240126;100121;2797.000000000;10;9468495170;B
20240126;100122;2797.000000000;50;9468495226;B
20240126;100122;2796.500000000;1;9468495325;S
20240126;100122;2796.500000000;27;9468495327;S
20240126;100123;2797.000000000;12;9468495440;B
20240126;100123;2797.000000000;3;9468495443;B
20240126;100124;2796.500000000;1;9468495537;S
20240126;100124;2797.000000000;40;9468495567;B
20240126;100125;2796.500000000;2;9468495937;S
20240126;100125;2796.500000000;33;9468495952;S
20240126;100125;2796.000000000;2;9468495953;S
20240126;100126;2796.500000000;28;9468496038;B
20240126;100126;2797.000000000;22;9468496039;B
20240126;100127;2796.000000000;161;9468496256;S
20240126;100127;2796.000000000;1;9468496258;S
20240126;100129;2796.500000000;10;9468496709;B
20240126;100130;2796.500000000;5;9468496902;B
20240126;100131;2796.500000000;1;9468497093;B
20240126;100132;2796.000000000;35;9468497211;S
20240126;100133;2796.000000000;30;9468497352;S
20240126;100133;2796.500000000;12;9468497445;B
20240126;100133;2796.500000000;3;9468497446;B
20240126;100134;2796.500000000;5;9468497513;B
20240126;100134;2796.500000000;10;9468497542;B
20240126;100134;2796.500000000;18;9468497558;B
20240126;100134;2797.000000000;34;9468497559;B
20240126;100135;2797.000000000;1;9468497622;B
20240126;100135;2796.500000000;1;9468497653;S
20240126;100136;2796.500000000;25;9468497751;S
20240126;100137;2796.500000000;5;9468497956;S
20240126;100138;2797.000000000;2;9468498091;B
20240126;100140;2796.500000000;1;9468498498;S
20240126;100140;2797.000000000;10;9468498506;B
20240126;100141;2796.500000000;1;9468498588;S
20240126;100141;2796.500000000;28;9468498797;S
20240126;100141;2797.000000000;1;9468498822;B
20240126;100142;2797.000000000;100;9468499244;B
20240126;100143;2797.000000000;1;9468499456;B
20240126;100145;2797.000000000;1;9468499618;B
20240126;100145;2796.500000000;1;9468499721;S
20240126;100145;2796.500000000;2;9468499722;S
20240126;100145;2797.000000000;342;9468499765;B
20240126;100145;2797.000000000;1;9468499766;B
20240126;100145;2797.000000000;9;9468499767;B
20240126;100145;2797.000000000;1;9468499768;B
20240126;100145;2797.000000000;12;9468499769;B
20240126;100145;2797.000000000;85;9468499770;B
20240126;100145;2797.000000000;15;9468499800;B
20240126;100145;2797.000000000;8;9468499801;B
20240126;100145;2797.000000000;28;9468499802;B
20240126;100145;2798.000000000;89;9468499803;B
20240126;100145;2799.000000000;150;9468499804;B
20240126;100145;2799.000000000;10;9468499805;B
20240126;100145;2799.500000000;1;9468499806;B
20240126;100145;2800.000000000;150;9468499807;B
20240126;100145;2800.000000000;25;9468499808;B
20240126;100145;2800.000000000;24;9468499809;B
20240126;100146;2799.000000000;4;9468499930;B
20240126;100146;2798.000000000;1;9468500092;S
20240126;100148;2798.000000000;1;9468500444;S
20240126;100149;2798.500000000;23;9468500592;S
20240126;100149;2798.000000000;34;9468500612;S
20240126;100149;2798.000000000;16;9468500613;S
20240126;100149;2799.500000000;28;9468500622;B
20240126;100149;2800.000000000;22;9468500623;B
20240126;100151;2799.500000000;28;9468500920;B
20240126;100151;2800.000000000;4;9468500921;B
20240126;100151;2800.000000000;1;9468500922;B
20240126;100151;2800.000000000;4;9468500923;B
20240126;100151;2800.000000000;2;9468500924;B
20240126;100151;2800.000000000;1;9468500925;B
20240126;100153;2800.000000000;28;9468501286;B
20240126;100153;2800.500000000;16;9468501287;B
20240126;100153;2801.000000000;483;9468501288;B
20240126;100153;2801.000000000;1;9468501289;B
20240126;100153;2801.000000000;25;9468501290;B
20240126;100153;2801.000000000;89;9468501291;B
20240126;100153;2801.000000000;71;9468501311;S
20240126;100153;2799.500000000;36;9468501312;S
20240126;100153;2799.000000000;63;9468501313;S
20240126;100154;2799.000000000;1;9468501448;S
20240126;100155;2800.500000000;2;9468501880;B
20240126;100156;2800.500000000;1;9468502044;B
20240126;100158;2800.500000000;1;9468502504;B
20240126;100159;2801.000000000;36;9468502670;B
20240126;100200;2801.500000000;70;9468502800;B
20240126;100200;2801.500000000;1;9468502829;B
20240126;100205;2801.500000000;18;9468503514;B
20240126;100205;2801.500000000;25;9468503515;B
20240126;100205;2802.000000000;7;9468503516;B
20240126;100206;2801.500000000;30;9468503704;B
20240126;100209;2800.000000000;1;9468504132;S
20240126;100209;2800.000000000;12;9468504133;S
20240126;100209;2800.000000000;11;9468504134;S
20240126;100210;2802.000000000;18;9468504199;B
20240126;100210;2802.000000000;10;9468504200;B
20240126;100210;2802.500000000;2;9468504226;B
20240126;100211;2802.000000000;1;9468504374;S
20240126;100211;2802.500000000;3;9468504387;B
20240126;100211;2803.000000000;25;9468504388;B
20240126;100211;2804.000000000;1;9468504389;B
20240126;100211;2804.000000000;71;9468504390;B
20240126;100211;2803.500000000;4;9468504445;B
20240126;100211;2804.000000000;49;9468504446;B
20240126;100211;2804.000000000;5;9468504447;B
20240126;100211;2804.000000000;70;9468504448;B
20240126;100211;2804.000000000;89;9468504449;B
20240126;100211;2804.000000000;28;9468504450;B
20240126;100211;2804.500000000;8;9468504451;B
20240126;100211;2805.000000000;20;9468504452;B
20240126;100211;2805.000000000;27;9468504453;B
20240126;100212;2804.500000000;7;9468504514;B
20240126;100213;2805.000000000;1;9468504633;B
20240126;100214;2804.500000000;10;9468504849;S
20240126;100214;2804.500000000;10;9468504919;S
20240126;100215;2805.000000000;5;9468504933;B
20240126;100215;2805.000000000;67;9468504955;B
20240126;100215;2805.000000000;25;9468504956;B
20240126;100215;2805.000000000;5;9468504957;B
20240126;100215;2805.000000000;68;9468504958;B
20240126;100215;2805.000000000;20;9468504959;B
20240126;100215;2805.000000000;28;9468504960;B
20240126;100215;2805.000000000;89;9468504961;B
20240126;100215;2805.000000000;36;9468504962;B
20240126;100215;2805.000000000;6;9468504964;S
20240126;100216;2805.000000000;20;9468505179;B
20240126;100216;2804.500000000;20;9468505205;S
20240126;100216;2804.500000000;30;9468505206;S
20240126;100217;2805.000000000;2;9468505367;B
20240126;100217;2805.000000000;1;9468505379;B
20240126;100217;2805.000000000;20;9468505391;B
20240126;100217;2805.500000000;5;9468505475;B
20240126;100217;2805.500000000;15;9468505476;B
20240126;100218;2806.000000000;3;9468505624;B
20240126;100218;2806.000000000;2;9468505677;B
20240126;100219;2806.000000000;5;9468505804;B
20240126;100219;2806.000000000;5;9468505819;B
20240126;100220;2806.000000000;10;9468505910;B
20240126;100220;2806.000000000;150;9468505919;B
20240126;100220;2805.500000000;2;9468505938;S
20240126;100220;2805.500000000;30;9468505939;S
20240126;100221;2805.500000000;1;9468505964;B
20240126;100221;2805.500000000;150;9468505970;B
20240126;100221;2805.500000000;2;9468506004;B
20240126;100221;2805.500000000;40;9468506006;B
20240126;100221;2805.500000000;4;9468506007;B
20240126;100221;2805.500000000;150;9468506023;B
20240126;100221;2805.500000000;21;9468506047;B
20240126;100221;2805.500000000;89;9468506048;B
20240126;100221;2806.000000000;40;9468506049;B
20240126;100221;2805.500000000;89;9468506070;B
20240126;100221;2806.000000000;61;9468506071;B
20240126;100222;2805.000000000;1;9468506108;S
20240126;100222;2806.000000000;20;9468506145;B
20240126;100223;2805.500000000;30;9468506298;B
20240126;100223;2806.000000000;70;9468506299;B
20240126;100224;2806.000000000;139;9468506390;B
20240126;100224;2806.000000000;3;9468506391;B
20240126;100224;2806.000000000;1;9468506392;B
20240126;100224;2806.500000000;357;9468506393;B
20240126;100224;2806.000000000;2;9468506496;S
20240126;100224;2806.000000000;30;9468506497;S
20240126;100224;2805.500000000;3;9468506498;S
20240126;100224;2805.500000000;2;9468506499;S
20240126;100224;2805.000000000;1;9468506507;S
20240126;100225;2805.500000000;10;9468506613;B
20240126;100225;2805.500000000;1;9468506644;B
20240126;100226;2805.500000000;66;9468506673;B
20240126;100226;2805.500000000;5;9468506766;B
20240126;100226;2805.500000000;17;9468506780;B
20240126;100227;2805.500000000;25;9468506804;B
20240126;100227;2805.500000000;1;9468506828;B
20240126;100227;2805.500000000;4;9468506872;B
20240126;100228;2805.000000000;8;9468506944;S
20240126;100228;2805.000000000;11;9468506945;S
20240126;100228;2805.000000000;25;9468506946;S
20240126;100228;2805.000000000;6;9468506947;S
20240126;100228;2805.000000000;17;9468507072;S
20240126;100229;2805.500000000;3;9468507288;B
20240126;100230;2805.500000000;100;9468507307;B
20240126;100230;2805.500000000;5;9468507451;B
20240126;100231;2805.500000000;2;9468507487;B
20240126;100231;2805.500000000;24;9468507578;B
20240126;100231;2805.500000000;36;9468507579;B
20240126;100231;2805.500000000;1;9468507580;B
20240126;100231;2806.000000000;37;9468507581;B
20240126;100231;2805.000000000;1;9468507583;S
20240126;100231;2805.000000000;1;9468507680;S
20240126;100232;2806.000000000;63;9468507706;B
20240126;100232;2806.000000000;1;9468507707;B
20240126;100232;2806.000000000;2;9468507708;B
20240126;100232;2806.000000000;50;9468507709;B
20240126;100232;2806.000000000;36;9468507710;B
20240126;100233;2806.500000000;9;9468507884;B
20240126;100234;2806.500000000;10;9468508099;B
20240126;100234;2806.000000000;1;9468508109;S
20240126;100235;2806.500000000;5;9468508250;B
20240126;100236;2806.000000000;1;9468508271;S
20240126;100237;2806.500000000;23;9468508442;B
20240126;100238;2806.500000000;1;9468508547;B
20240126;100238;2806.500000000;20;9468508576;B
20240126;100238;2806.000000000;10;9468508583;S
20240126;100239;2806.000000000;8;9468508634;S
20240126;100239;2806.500000000;5;9468508715;B
20240126;100240;2806.500000000;26;9468508835;B
20240126;100240;2806.500000000;44;9468508836;B
20240126;100240;2806.500000000;2;9468508837;B
20240126;100241;2806.500000000;15;9468508890;S
20240126;100242;2807.500000000;1;9468509074;B
20240126;100242;2807.500000000;1;9468509075;B
20240126;100242;2807.500000000;1;9468509076;B
20240126;100242;2807.500000000;2;9468509077;B
20240126;100242;2807.500000000;20;9468509078;B
20240126;100242;2807.500000000;20;9468509155;B
20240126;100242;2808.000000000;5;9468509156;B
20240126;100242;2808.000000000;1;9468509157;B
20240126;100242;2808.000000000;9;9468509158;B
20240126;100244;2807.000000000;10;9468509456;B
20240126;100245;2807.500000000;1;9468509669;B
20240126;100247;2807.500000000;5;9468509923;B
20240126;100249;2806.500000000;10;9468510095;S
20240126;100249;2807.500000000;28;9468510140;B
20240126;100250;2807.000000000;7;9468510199;B
20240126;100250;2807.500000000;2;9468510200;B
20240126;100250;2808.000000000;1;9468510201;B
20240126;100250;2807.500000000;5;9468510209;B
20240126;100251;2806.500000000;2;9468510371;S
20240126;100253;2808.000000000;10;9468510607;B
20240126;100253;2806.500000000;5;9468510786;S
20240126;100254;2807.500000000;9;9468510836;B
20240126;100254;2808.000000000;1;9468510837;B
20240126;100255;2806.500000000;13;9468510930;S
20240126;100255;2806.500000000;1;9468510931;S
20240126;100255;2806.500000000;3;9468510932;S
20240126;100255;2806.500000000;59;9468510933;S
20240126;100255;2806.000000000;424;9468510934;S
20240126;100255;2807.000000000;1;9468510969;S
20240126;100255;2806.000000000;404;9468510970;S
20240126;100255;2806.000000000;1;9468510971;S
20240126;100255;2806.000000000;25;9468510972;S
20240126;100255;2806.000000000;163;9468510973;S
20240126;100255;2806.000000000;12;9468510974;S
20240126;100257;2807.500000000;2;9468511160;B
20240126;100257;2807.500000000;10;9468511221;B
20240126;100257;2806.500000000;1;9468511237;S
20240126;100257;2806.500000000;30;9468511238;S
20240126;100257;2806.000000000;88;9468511239;S
20240126;100257;2806.000000000;28;9468511240;S
20240126;100258;2806.000000000;10;9468511291;B
20240126;100258;2806.000000000;11;9468511318;B
20240126;100258;2806.000000000;10;9468511330;B
20240126;100259;2806.000000000;1;9468511502;B
20240126;100259;2806.000000000;1;9468511503;B
20240126;100259;2806.000000000;49;9468511520;B
20240126;100259;2806.000000000;37;9468511521;B
20240126;100300;2806.000000000;1;9468511720;B
20240126;100301;2806.000000000;4;9468511874;B
20240126;100302;2806.000000000;8;9468511962;B
20240126;100302;2807.500000000;42;9468511963;B
20240126;100303;2807.500000000;12;9468512181;B
20240126;100303;2807.500000000;5;9468512182;B
20240126;100303;2807.500000000;1;9468512183;B
20240126;100303;2808.000000000;2;9468512184;B
20240126;100303;2808.000000000;5;9468512211;B
20240126;100304;2808.000000000;10;9468512288;B
20240126;100304;2808.000000000;72;9468512325;B
20240126;100304;2808.000000000;1;9468512326;B
20240126;100304;2808.000000000;1;9468512327;B
20240126;100304;2808.000000000;5;9468512328;B
20240126;100304;2808.500000000;21;9468512329;B
20240126;100305;2808.500000000;2;9468512468;B
20240126;100305;2808.500000000;35;9468512498;B
20240126;100305;2808.000000000;28;9468512502;S
20240126;100305;2808.000000000;17;9468512503;S
20240126;100305;2808.000000000;13;9468512539;S
20240126;100305;2808.000000000;28;9468512540;S
20240126;100305;2807.500000000;1;9468512541;S
20240126;100305;2807.000000000;1;9468512542;S
20240126;100305;2806.000000000;3;9468512543;S
20240126;100305;2806.000000000;25;9468512544;S
20240126;100305;2806.000000000;70;9468512545;S
20240126;100305;2806.000000000;5;9468512546;S
20240126;100305;2805.500000000;1;9468512547;S
20240126;100305;2805.500000000;1;9468512548;S
20240126;100305;2805.500000000;8;9468512549;S
20240126;100305;2805.500000000;28;9468512550;S
20240126;100305;2805.500000000;36;9468512551;S
20240126;100306;2805.500000000;28;9468512646;S
20240126;100306;2805.500000000;33;9468512647;S
20240126;100306;2805.500000000;19;9468512648;S
20240126;100308;2807.000000000;1;9468512935;B
20240126;100308;2807.000000000;2;9468512936;B
20240126;100309;2807.000000000;1;9468513104;B
20240126;100312;2806.000000000;10;9468513515;B
20240126;100312;2805.000000000;1;9468513594;S
20240126;100312;2805.000000000;5;9468513595;S
20240126;100312;2805.000000000;1;9468513596;S
20240126;100312;2805.000000000;3;9468513597;S
20240126;100317;2805.000000000;52;9468514668;S
20240126;100317;2805.000000000;1;9468514669;S
20240126;100317;2805.000000000;50;9468514670;S
20240126;100317;2805.000000000;10;9468514671;S
20240126;100317;2805.000000000;1;9468514672;S
20240126;100317;2804.500000000;6;9468514675;S
20240126;100317;2805.500000000;20;9468514687;B
20240126;100318;2805.500000000;1;9468514703;B
20240126;100318;2805.500000000;13;9468514781;B
20240126;100318;2806.000000000;2;9468514782;B
20240126;100318;2806.000000000;3;9468514914;B
20240126;100318;2806.000000000;1;9468514915;B
20240126;100319;2806.000000000;2;9468515026;B
20240126;100320;2806.000000000;13;9468515068;B
20240126;100320;2805.500000000;1;9468515073;S
20240126;100321;2806.000000000;10;9468515226;B
20240126;100321;2806.000000000;30;9468515329;B
20240126;100323;2806.000000000;1;9468515580;B
20240126;100323;2805.500000000;9;9468515629;S
20240126;100323;2805.500000000;4;9468515630;S
20240126;100324;2806.000000000;4;9468515753;B
20240126;100324;2806.000000000;1;9468515754;B
20240126;100324;2806.000000000;2;9468515755;B
20240126;100324;2806.500000000;1;9468515756;B
20240126;100324;2807.000000000;1;9468515757;B
20240126;100324;2807.000000000;1;9468515758;B
20240126;100330;2806.000000000;1;9468517130;B
20240126;100331;2806.000000000;3;9468517384;S
20240126;100331;2805.500000000;24;9468517385;S
20240126;100331;2805.500000000;11;9468517386;S
20240126;100332;2807.000000000;10;9468517660;B
20240126;100334;2807.000000000;4;9468517978;B
20240126;100334;2807.000000000;1;9468517982;B
20240126;100334;2807.000000000;1;9468517983;B
20240126;100334;2805.500000000;28;9468517997;S
20240126;100336;2805.500000000;30;9468518335;B
20240126;100336;2805.500000000;40;9468518408;B
20240126;100337;2805.500000000;2;9468518561;B
20240126;100337;2805.500000000;1;9468518867;B
20240126;100338;2805.500000000;7;9468519515;B
20240126;100338;2805.500000000;1;9468519537;S
20240126;100339;2806.000000000;1;9468519820;B
20240126;100339;2806.000000000;25;9468519821;B
20240126;100339;2806.500000000;14;9468519822;B
20240126;100340;2806.500000000;1;9468519873;B
20240126;100344;2806.500000000;10;9468520602;B
20240126;100344;2806.500000000;37;9468520646;B
20240126;100344;2806.500000000;50;9468520647;B
20240126;100344;2806.500000000;5;9468520648;B
20240126;100344;2807.000000000;1;9468520649;B
20240126;100344;2807.000000000;50;9468520650;B
20240126;100344;2807.000000000;50;9468520651;B
20240126;100344;2807.000000000;50;9468520652;B
20240126;100344;2807.000000000;110;9468520653;B
20240126;100344;2807.000000000;40;9468520654;B
20240126;100344;2807.000000000;50;9468520655;B
20240126;100344;2807.500000000;50;9468520656;B
20240126;100344;2807.500000000;3;9468520657;B
20240126;100344;2807.500000000;1;9468520658;B
20240126;100344;2807.500000000;28;9468520659;B
20240126;100344;2807.500000000;89;9468520660;B
20240126;100344;2808.000000000;2;9468520661;B
20240126;100344;2808.000000000;40;9468520662;B
20240126;100344;2808.000000000;44;9468520663;B
20240126;100346;2808.000000000;3;9468521071;B
20240126;100347;2806.500000000;4;9468521227;S
20240126;100347;2808.000000000;2;9468521352;B
20240126;100349;2808.000000000;1;9468521693;B
20240126;100350;2806.500000000;2;9468521860;S
20240126;100352;2807.500000000;10;9468522197;B
20240126;100353;2807.000000000;2;9468522365;S
20240126;100353;2807.500000000;16;9468522412;B
20240126;100354;2807.000000000;6;9468522551;S
20240126;100354;2807.000000000;2;9468522593;S
20240126;100354;2807.500000000;1;9468522667;B
20240126;100355;2807.000000000;1;9468522789;S
20240126;100355;2807.500000000;1;9468522879;B
20240126;100355;2807.500000000;15;9468522910;B
20240126;100356;2807.000000000;3;9468522963;S
20240126;100356;2806.500000000;15;9468522964;S
20240126;100358;2806.000000000;4;9468523339;S
20240126;100358;2806.500000000;9;9468523354;B
20240126;100358;2806.000000000;13;9468523374;S
20240126;100359;2806.500000000;2;9468523469;B
20240126;100359;2806.000000000;13;9468523563;S
20240126;100359;2805.500000000;3;9468523564;S
20240126;100359;2805.500000000;5;9468523565;S
20240126;100359;2805.500000000;12;9468523566;S
20240126;100359;2805.000000000;17;9468523567;S
20240126;100400;2805.000000000;20;9468523656;S
20240126;100402;2806.500000000;11;9468523926;B
20240126;100402;2807.000000000;22;9468523927;B
20240126;100402;2807.000000000;20;9468523928;B
20240126;100402;2807.500000000;25;9468523929;B
20240126;100402;2807.500000000;61;9468523930;B
20240126;100402;2807.500000000;100;9468523931;B
20240126;100402;2807.500000000;11;9468523932;B
20240126;100402;2807.000000000;10;9468524022;B
20240126;100403;2807.000000000;18;9468524107;B
20240126;100403;2807.000000000;1;9468524114;B
20240126;100406;2807.000000000;21;9468524523;B
20240126;100406;2807.500000000;10;9468524562;B
20240126;100406;2807.000000000;1;9468524567;S
20240126;100406;2807.000000000;2;9468524574;S
20240126;100406;2807.500000000;28;9468524736;B
20240126;100406;2807.500000000;50;9468524747;B
20240126;100406;2807.000000000;11;9468524754;S
20240126;100407;2807.000000000;1;9468524802;S
20240126;100407;2807.000000000;10;9468524935;S
20240126;100409;2807.500000000;11;9468525321;B
20240126;100409;2807.500000000;20;9468525322;B
20240126;100409;2807.500000000;1;9468525323;B
20240126;100409;2807.500000000;68;9468525324;B
20240126;100411;2807.000000000;50;9468525474;S
20240126;100411;2807.000000000;4;9468525566;S
20240126;100411;2807.000000000;46;9468525585;B
20240126;100411;2807.500000000;4;9468525586;B
20240126;100413;2807.000000000;3;9468525885;S
20240126;100414;2807.500000000;1;9468525928;B
20240126;100414;2807.500000000;1;9468525980;B
20240126;100414;2807.500000000;1;9468525987;B
20240126;100414;2807.500000000;5;9468525996;B
20240126;100414;2807.500000000;5;9468526036;B
20240126;100416;2807.500000000;5;9468526451;B
20240126;100416;2807.000000000;2;9468526527;S
20240126;100417;2806.000000000;10;9468526545;S
20240126;100417;2807.000000000;13;9468526677;B
20240126;100417;2807.500000000;10;9468526678;B
20240126;100417;2807.500000000;5;9468526679;B
20240126;100421;2808.000000000;29;9468527609;B
20240126;100421;2808.000000000;100;9468527610;B
20240126;100421;2808.000000000;70;9468527611;B
20240126;100421;2808.000000000;52;9468527612;B
20240126;100421;2808.000000000;58;9468527613;B
20240126;100421;2808.000000000;42;9468527614;B
20240126;100421;2808.000000000;5;9468527615;B
20240126;100421;2807.500000000;50;9468527642;S
20240126;100422;2807.500000000;8;9468527838;S
20240126;100423;2807.500000000;14;9468527900;S
20240126;100423;2807.500000000;6;9468527901;S
20240126;100423;2808.000000000;4;9468527959;B
20240126;100423;2808.000000000;10;9468527960;B
20240126;100423;2808.000000000;6;9468527961;B
20240126;100424;2807.500000000;1;9468528078;S
20240126;100424;2807.500000000;43;9468528106;S
20240126;100424;2807.500000000;7;9468528107;S
20240126;100424;2808.000000000;1;9468528122;B
20240126;100426;2808.000000000;1;9468528452;B
20240126;100426;2808.000000000;28;9468528454;B
20240126;100427;2807.500000000;13;9468528533;S
20240126;100427;2807.500000000;7;9468528534;S
20240126;100427;2807.500000000;18;9468528619;S
20240126;100427;2808.000000000;5;9468528652;B
20240126;100427;2808.000000000;35;9468528675;B
20240126;100428;2808.000000000;1;9468528724;B
20240126;100429;2807.500000000;1;9468528828;S
20240126;100429;2808.000000000;10;9468528892;B
20240126;100430;2807.500000000;4;9468529109;S
20240126;100432;2807.500000000;5;9468529347;S
20240126;100432;2808.000000000;7;9468529371;B
20240126;100432;2807.500000000;20;9468529379;S
20240126;100433;2808.000000000;2;9468529491;B
20240126;100434;2808.000000000;4;9468529564;B
20240126;100434;2808.000000000;2;9468529565;B
20240126;100434;2807.500000000;29;9468529672;S
20240126;100435;2808.000000000;1;9468529773;B
20240126;100436;2808.000000000;1;9468529835;B
20240126;100437;2807.500000000;6;9468530037;S
20240126;100437;2807.500000000;1;9468530038;S
20240126;100437;2807.000000000;10;9468530039;S
20240126;100437;2807.000000000;15;9468530040;S
20240126;100437;2807.000000000;1;9468530041;S
20240126;100437;2806.500000000;40;9468530042;S
20240126;100437;2806.000000000;5;9468530043;S
20240126;100437;2806.000000000;5;9468530044;S
20240126;100437;2806.000000000;32;9468530045;S
20240126;100437;2805.500000000;10;9468530046;S
20240126;100437;2805.500000000;45;9468530047;S
20240126;100437;2808.000000000;5;9468530127;B
20240126;100438;2806.500000000;29;9468530180;B
20240126;100438;2806.500000000;10;9468530235;B
20240126;100438;2806.500000000;1;9468530279;B
20240126;100439;2806.500000000;10;9468530527;B
20240126;100439;2806.500000000;1;9468530544;B
20240126;100440;2806.500000000;5;9468530700;B
20240126;100440;2806.500000000;1;9468530763;B
20240126;100441;2806.500000000;32;9468530856;B
20240126;100446;2805.500000000;1;9468532071;B
20240126;100447;2805.000000000;40;9468532235;S
20240126;100447;2805.000000000;2;9468532236;S
20240126;100447;2805.000000000;1;9468532237;S
20240126;100447;2805.000000000;3;9468532238;S
20240126;100447;2805.000000000;1;9468532239;S
20240126;100447;2805.000000000;5;9468532240;S
20240126;100447;2805.000000000;4;9468532241;S
20240126;100447;2805.000000000;44;9468532242;S
20240126;100450;2805.500000000;1;9468532789;B
20240126;100450;2805.500000000;27;9468532899;B
20240126;100450;2805.500000000;60;9468532900;B
20240126;100450;2806.000000000;13;9468532901;B
20240126;100451;2805.000000000;1;9468532967;S
20240126;100451;2805.500000000;3;9468533091;B
20240126;100452;2805.500000000;1;9468533293;B
20240126;100453;2805.500000000;24;9468533328;B
20240126;100453;2805.500000000;1;9468533329;B
20240126;100455;2806.000000000;1;9468533698;B
20240126;100455;2806.000000000;2;9468533705;B
20240126;100455;2806.500000000;11;9468533706;B
20240126;100455;2806.500000000;100;9468533707;B
20240126;100455;2806.500000000;1;9468533708;B
20240126;100455;2807.000000000;30;9468533709;B
20240126;100455;2807.000000000;60;9468533710;B
20240126;100455;2807.500000000;86;9468533711;B
20240126;100456;2805.500000000;2;9468533937;S
20240126;100457;2805.000000000;2;9468533989;S
20240126;100457;2805.500000000;1;9468534021;B
20240126;100457;2805.000000000;28;9468534100;S
20240126;100458;2805.000000000;25;9468534158;S
20240126;100458;2805.000000000;75;9468534159;S
20240126;100458;2805.500000000;17;9468534182;B
20240126;100458;2806.500000000;30;9468534183;B
20240126;100458;2807.000000000;3;9468534184;B
20240126;100508;2806.000000000;1;9468535986;B
20240126;100510;2805.500000000;5;9468536343;S
20240126;100511;2805.500000000;1;9468536458;B
20240126;100511;2805.000000000;10;9468536530;S
20240126;100511;2805.500000000;22;9468536540;B
20240126;100511;2805.500000000;3;9468536541;B
20240126;100512;2805.000000000;10;9468536721;S
20240126;100512;2805.500000000;10;9468536751;B
20240126;100512;2805.500000000;18;9468536752;B
20240126;100512;2806.000000000;8;9468536753;B
20240126;100512;2806.000000000;12;9468536754;B
20240126;100512;2805.000000000;5;9468536809;S
20240126;100512;2805.000000000;1;9468536810;S
20240126;100512;2805.000000000;1;9468536811;S
20240126;100512;2804.500000000;4;9468536812;S
20240126;100512;2804.500000000;3;9468536813;S
20240126;100512;2804.500000000;1;9468536814;S
20240126;100512;2804.500000000;100;9468536815;S
20240126;100512;2804.500000000;10;9468536816;S
20240126;100512;2804.000000000;295;9468536817;S
20240126;100512;2804.000000000;50;9468536864;S
20240126;100517;2804.000000000;47;9468537582;S
20240126;100517;2804.000000000;1;9468537583;S
20240126;100517;2804.000000000;3;9468537584;S
20240126;100517;2804.000000000;1;9468537585;S
20240126;100517;2803.000000000;2;9468537586;S
20240126;100517;2803.000000000;59;9468537587;S
20240126;100517;2803.000000000;1;9468537588;S
20240126;100517;2803.000000000;4;9468537726;B
20240126;100518;2803.000000000;5;9468537809;B
20240126;100519;2802.500000000;50;9468537944;S
20240126;100519;2802.500000000;35;9468537956;S
20240126;100519;2802.500000000;15;9468537965;S
20240126;100521;2802.000000000;9;9468538276;S
20240126;100523;2802.000000000;1;9468538499;S
20240126;100523;2802.000000000;2;9468538500;S
20240126;100523;2802.000000000;28;9468538501;S
20240126;100529;2801.000000000;1;9468539353;S
20240126;100529;2800.500000000;10;9468539354;S
20240126;100529;2800.500000000;10;9468539355;S
20240126;100529;2800.500000000;1;9468539356;S
20240126;100529;2800.500000000;16;9468539390;B
20240126;100529;2800.000000000;200;9468539424;S
20240126;100529;2800.000000000;1;9468539425;S
20240126;100529;2800.000000000;21;9468539426;S
20240126;100529;2800.500000000;4;9468539430;B
20240126;100530;2800.000000000;20;9468539497;S
20240126;100530;2800.000000000;9;9468539520;S
20240126;100530;2800.000000000;40;9468539521;S
20240126;100530;2800.000000000;10;9468539522;S
20240126;100531;2800.000000000;5;9468539653;S
20240126;100531;2800.000000000;1;9468539654;S
20240126;100531;2800.000000000;1;9468539655;S
20240126;100531;2800.000000000;2;9468539656;S
20240126;100531;2800.000000000;1;9468539657;S
20240126;100531;2800.000000000;5;9468539659;S
20240126;100531;2800.500000000;1;9468539668;B
20240126;100531;2800.000000000;3;9468539711;S
20240126;100531;2800.500000000;10;9468539729;B
20240126;100531;2800.000000000;6;9468539736;S
20240126;100531;2800.000000000;123;9468539737;S
20240126;100531;2800.000000000;62;9468539738;S
20240126;100531;2800.000000000;200;9468539739;S
20240126;100531;2800.000000000;38;9468539740;S
20240126;100531;2800.500000000;1;9468539747;B
20240126;100532;2800.000000000;100;9468539791;S
20240126;100532;2800.000000000;28;9468539910;S
20240126;100533;2800.000000000;4;9468539951;S
20240126;100533;2800.000000000;100;9468539958;S
20240126;100533;2800.500000000;146;9468540000;B
20240126;100533;2800.500000000;44;9468540001;B
20240126;100534;2800.500000000;1;9468540192;S
20240126;100535;2800.500000000;32;9468540351;S
20240126;100535;2800.000000000;68;9468540352;S
20240126;100536;2801.000000000;7;9468540474;B
20240126;100537;2802.000000000;2;9468540708;B
20240126;100539;2800.500000000;4;9468540939;S
20240126;100539;2800.500000000;6;9468540997;S
20240126;100539;2800.500000000;6;9468540998;S
20240126;100546;2801.500000000;1;9468541862;B
20240126;100548;2800.500000000;1;9468542299;S
20240126;100549;2801.000000000;9;9468542376;B
20240126;100550;2800.000000000;3;9468542489;S
20240126;100551;2801.000000000;1;9468542671;B
20240126;100555;2801.000000000;2;9468543133;B
20240126;100556;2801.000000000;20;9468543408;B
20240126;100557;2801.000000000;28;9468543518;B
20240126;100600;2801.500000000;2;9468544025;B
20240126;100602;2801.000000000;1;9468544415;B
20240126;100602;2801.500000000;9;9468544416;B
20240126;100608;2801.500000000;2;9468545188;B
20240126;100609;2801.000000000;28;9468545372;S
20240126;100609;2801.000000000;12;9468545373;S
20240126;100609;2801.000000000;4;9468545424;B
20240126;100609;2800.500000000;1;9468545434;S
20240126;100609;2801.000000000;3;9468545650;B
20240126;100609;2801.500000000;16;9468545657;B
20240126;100609;2801.500000000;1;9468545663;B
20240126;100609;2801.500000000;1;9468545664;B
20240126;100609;2801.500000000;2;9468545673;B
20240126;100610;2801.500000000;15;9468545782;B
20240126;100610;2801.500000000;15;9468545783;B
20240126;100610;2801.500000000;3;9468545784;B
20240126;100610;2801.500000000;9;9468545785;B
20240126;100610;2801.500000000;37;9468545786;B
20240126;100610;2802.000000000;1;9468545788;B
20240126;100610;2802.000000000;8;9468545789;B
20240126;100610;2801.500000000;11;9468545800;S
20240126;100610;2801.000000000;89;9468545801;S
20240126;100610;2801.000000000;28;9468545802;S
20240126;100610;2800.500000000;1;9468545803;S
20240126;100612;2802.000000000;3;9468546007;B
20240126;100612;2802.000000000;10;9468546062;B
20240126;100612;2802.000000000;1;9468546063;B
20240126;100612;2801.500000000;16;9468546085;S
20240126;100612;2801.000000000;34;9468546086;S
20240126;100616;2801.000000000;1;9468546717;S
20240126;100617;2801.500000000;1;9468546769;B
20240126;100617;2801.000000000;2;9468546808;S
20240126;100617;2801.500000000;7;9468546872;B
20240126;100617;2802.000000000;2;9468546903;B
20240126;100618;2802.000000000;2;9468546981;B
20240126;100618;2802.000000000;2;9468547068;B
20240126;100622;2802.000000000;3;9468547609;B
20240126;100624;2801.500000000;1;9468547924;S
20240126;100625;2802.000000000;2;9468548009;B
20240126;100625;2802.000000000;2;9468548033;B
20240126;100625;2802.000000000;17;9468548034;B
20240126;100625;2802.000000000;3;9468548039;B
20240126;100625;2802.000000000;1;9468548040;B
20240126;100626;2801.500000000;15;9468548274;S
20240126;100627;2801.500000000;14;9468548333;S
20240126;100630;2801.000000000;2;9468548783;S
20240126;100630;2801.000000000;1;9468548784;S
20240126;100632;2800.500000000;50;9468548975;S
20240126;100632;2800.500000000;2;9468548976;S
20240126;100632;2800.500000000;30;9468548977;S
20240126;100632;2800.000000000;62;9468548978;S
20240126;100636;2800.000000000;2;9468549644;S
20240126;100638;2800.500000000;2;9468549928;B
20240126;100638;2801.000000000;2;9468549929;B
20240126;100639;2801.000000000;20;9468550001;S
20240126;100639;2801.000000000;1;9468550055;S
20240126;100652;2801.000000000;175;9468551904;S
20240126;100652;2801.000000000;30;9468551905;S
20240126;100652;2801.000000000;19;9468551908;B
20240126;100655;2800.000000000;20;9468552275;S
20240126;100657;2801.000000000;4;9468552452;B
20240126;100657;2801.000000000;7;9468552551;B
20240126;100701;2800.000000000;5;9468553278;S
20240126;100701;2800.000000000;13;9468553369;S
20240126;100703;2800.000000000;50;9468553601;S
20240126;100703;2800.000000000;7;9468553630;S
20240126;100703;2800.000000000;1;9468553631;S
20240126;100703;2800.000000000;50;9468553632;S
20240126;100703;2800.000000000;2;9468553633;S
20240126;100703;2800.000000000;1;9468553634;S
20240126;100703;2800.000000000;4;9468553635;S
20240126;100703;2800.000000000;35;9468553636;S
20240126;100703;2800.000000000;165;9468553710;S
20240126;100703;2800.000000000;590;9468553711;S
20240126;100703;2800.000000000;21;9468553712;S
20240126;100703;2800.000000000;4;9468553713;S
20240126;100703;2800.000000000;36;9468553714;S
20240126;100703;2800.000000000;100;9468553715;S
20240126;100703;2800.000000000;10;9468553716;S
20240126;100703;2800.000000000;2;9468553717;S
20240126;100703;2800.000000000;1;9468553718;S
20240126;100703;2800.000000000;19;9468553719;S
20240126;100703;2800.000000000;1;9468553784;S
20240126;100705;2800.000000000;3;9468553920;S
20240126;100705;2800.000000000;10;9468553921;S
20240126;100705;2800.000000000;1;9468553922;S
20240126;100705;2800.000000000;5;9468553923;S
20240126;100705;2800.000000000;81;9468553924;S
20240126;100705;2800.500000000;20;9468554011;B
20240126;100705;2800.000000000;60;9468554035;S
20240126;100706;2800.500000000;5;9468554243;B
20240126;100707;2800.000000000;25;9468554378;S
20240126;100708;2800.000000000;74;9468554446;S
20240126;100708;2800.000000000;1;9468554447;S
20240126;100708;2800.000000000;50;9468554448;S
20240126;100708;2800.000000000;109;9468554449;S
20240126;100708;2800.000000000;1191;9468554475;S
20240126;100708;2800.000000000;5;9468554476;S
20240126;100708;2800.000000000;150;9468554477;S
20240126;100708;2799.500000000;40;9468554478;S
20240126;100708;2799.500000000;1;9468554597;S
20240126;100709;2800.000000000;60;9468554644;B
20240126;100711;2800.000000000;2;9468554956;B
20240126;100711;2800.000000000;1;9468554958;B
20240126;100711;2800.000000000;2;9468555047;B
20240126;100713;2800.000000000;9;9468555232;B
20240126;100715;2800.000000000;2;9468555556;B
20240126;100717;2799.500000000;3;9468555745;S
20240126;100717;2800.000000000;2;9468555808;B
20240126;100717;2800.000000000;50;9468555901;B
20240126;100718;2799.500000000;6;9468555924;S
20240126;100718;2799.500000000;4;9468555925;S
20240126;100718;2800.000000000;8;9468555970;B
20240126;100718;2799.500000000;20;9468556032;S
20240126;100721;2800.000000000;1;9468556371;B
20240126;100721;2800.000000000;1;9468556481;B
20240126;100721;2800.000000000;16;9468556487;B
20240126;100721;2800.000000000;25;9468556488;B
20240126;100721;2800.000000000;20;9468556489;B
20240126;100721;2800.000000000;20;9468556490;B
20240126;100721;2800.000000000;12;9468556491;B
20240126;100721;2800.000000000;2;9468556492;B
20240126;100721;2800.500000000;5;9468556493;B
20240126;100721;2799.500000000;1;9468556498;S
20240126;100721;2799.500000000;2;9468556499;S
20240126;100725;2799.500000000;16;9468557025;S
20240126;100727;2800.500000000;10;9468557338;B
20240126;100727;2800.500000000;13;9468557339;B
20240126;100729;2800.500000000;3;9468557657;B
20240126;100729;2800.500000000;2;9468557658;B
20240126;100732;2799.500000000;35;9468558007;S
20240126;100732;2800.000000000;1;9468558136;B
20240126;100733;2800.500000000;1;9468558177;B
20240126;100735;2800.500000000;2;9468558551;B
20240126;100736;2800.500000000;48;9468558570;B
20240126;100736;2801.000000000;58;9468558571;B
20240126;100741;2799.500000000;1;9468559350;S
20240126;100741;2799.500000000;3;9468559351;S
20240126;100742;2799.000000000;1;9468559557;S
20240126;100742;2799.500000000;36;9468559559;B
20240126;100754;2800.000000000;1;9468561308;B
20240126;100754;2799.500000000;6;9468561309;S
20240126;100755;2800.500000000;4;9468561446;B
20240126;100756;2800.000000000;1;9468561493;S
20240126;100801;2799.500000000;1;9468562430;S
20240126;100803;2800.500000000;5;9468562776;S
20240126;100804;2800.500000000;23;9468562979;S
20240126;100804;2800.000000000;2;9468562980;S
20240126;100805;2800.000000000;10;9468563108;S
20240126;100808;2801.000000000;1;9468563593;B
20240126;100813;2800.000000000;9;9468564108;S
20240126;100814;2801.000000000;10;9468564257;B
20240126;100815;2800.500000000;10;9468564457;S
20240126;100816;2801.000000000;1;9468564649;B
20240126;100816;2801.000000000;1;9468564698;B
20240126;100817;2800.500000000;4;9468564838;S
20240126;100817;2800.000000000;1;9468564839;S
20240126;100818;2800.500000000;3;9468564908;S
20240126;100818;2801.000000000;50;9468564929;B
20240126;100819;2800.500000000;9;9468564973;S
20240126;100819;2800.500000000;2;9468564991;S
20240126;100820;2801.000000000;3;9468565149;B
20240126;100821;2801.000000000;1;9468565270;B
20240126;100824;2801.000000000;140;9468565538;B
20240126;100824;2801.000000000;1;9468565539;B
20240126;100824;2801.000000000;2;9468565540;B
20240126;100824;2801.000000000;2;9468565541;B
20240126;100824;2801.000000000;8;9468565542;B
20240126;100824;2801.000000000;93;9468565543;B
20240126;100829;2801.000000000;2;9468566204;B
20240126;100831;2801.000000000;1;9468566572;B
20240126;100833;2800.500000000;5;9468566818;S
20240126;100833;2801.000000000;3;9468566844;B
20240126;100834;2801.000000000;200;9468566905;B
20240126;100836;2801.000000000;12;9468567164;B
20240126;100836;2801.000000000;13;9468567178;B
20240126;100836;2801.000000000;1;9468567179;B
20240126;100836;2801.000000000;23;9468567180;B
20240126;100836;2801.500000000;2;9468567181;B
20240126;100836;2802.000000000;9;9468567182;B
20240126;100836;2802.000000000;50;9468567183;B
20240126;100836;2802.000000000;102;9468567184;B
20240126;100839;2801.000000000;1;9468567708;S
20240126;100840;2802.000000000;5;9468567843;B
20240126;100842;2802.000000000;43;9468568174;B
20240126;100842;2802.000000000;20;9468568175;B
20240126;100842;2802.000000000;3;9468568176;B
20240126;100842;2802.000000000;25;9468568177;B
20240126;100842;2802.000000000;8;9468568178;B
20240126;100842;2802.000000000;18;9468568179;B
20240126;100842;2802.000000000;28;9468568180;B
20240126;100842;2802.000000000;50;9468568181;B
20240126;100842;2802.500000000;3;9468568182;B
20240126;100842;2803.000000000;1;9468568183;B
20240126;100842;2803.000000000;3;9468568184;B
20240126;100842;2803.000000000;10;9468568185;B
20240126;100842;2803.000000000;89;9468568186;B
20240126;100842;2803.500000000;1;9468568187;B
20240126;100842;2803.500000000;4;9468568188;B
20240126;100842;2803.500000000;1;9468568189;B
20240126;100842;2804.000000000;4;9468568190;B
20240126;100842;2804.000000000;8;9468568191;B
20240126;100842;2804.000000000;31;9468568192;B
20240126;100842;2804.000000000;6;9468568196;B
20240126;100846;2804.500000000;4;9468568835;B
20240126;100846;2805.000000000;1;9468568836;B
20240126;100846;2805.000000000;30;9468568837;B
20240126;100846;2805.000000000;1;9468568838;B
20240126;100846;2805.000000000;1;9468568839;B
20240126;100846;2805.000000000;89;9468568840;B
20240126;100846;2805.000000000;28;9468568841;B
20240126;100846;2805.500000000;2;9468568842;B
20240126;100846;2805.500000000;2;9468568843;B
20240126;100846;2805.500000000;18;9468568844;B
20240126;100849;2805.000000000;25;9468569253;S
20240126;100850;2802.500000000;36;9468569471;S
20240126;100850;2802.500000000;25;9468569472;S
20240126;100850;2802.000000000;14;9468569473;S
20240126;100853;2805.000000000;10;9468569805;B
20240126;100855;2804.500000000;1;9468570036;B
20240126;100855;2805.000000000;18;9468570037;B
20240126;100857;2805.000000000;1;9468570301;B
20240126;100858;2805.000000000;1;9468570407;B
20240126;100858;2805.000000000;1;9468570409;B
20240126;100907;2805.000000000;5;9468571655;B
20240126;100913;2805.000000000;2;9468572475;B
20240126;100913;2805.000000000;3;9468572476;B
20240126;100913;2805.000000000;45;9468572477;B
20240126;100921;2805.000000000;1;9468573473;B
20240126;100926;2804.000000000;36;9468574198;S
20240126;100926;2804.000000000;33;9468574199;B
20240126;100926;2804.000000000;19;9468574275;B
20240126;100927;2804.000000000;5;9468574318;B
20240126;100928;2804.000000000;1;9468574654;B
20240126;100930;2803.500000000;10;9468574994;S
20240126;100930;2804.000000000;6;9468575013;B
20240126;100932;2804.000000000;5;9468575271;B
20240126;100933;2804.000000000;5;9468575343;B
20240126;100933;2804.500000000;35;9468575344;B
20240126;100934;2803.500000000;1;9468575474;S
20240126;100938;2805.000000000;4;9468576149;B
20240126;100938;2805.000000000;1;9468576150;B
20240126;100939;2805.000000000;4;9468576247;B
20240126;100939;2805.000000000;5;9468576263;B
20240126;100939;2805.000000000;10;9468576264;B
20240126;100939;2805.000000000;20;9468576265;B
20240126;100939;2805.000000000;65;9468576266;B
20240126;100942;2805.000000000;1;9468576569;B
20240126;100943;2805.000000000;34;9468576745;B
20240126;100943;2805.000000000;5;9468576746;B
20240126;100943;2805.000000000;20;9468576747;B
20240126;100947;2805.000000000;1;9468577367;B
20240126;100949;2805.500000000;1;9468577594;B
20240126;100950;2805.500000000;77;9468577634;B
20240126;100951;2805.000000000;1;9468577772;S
20240126;100952;2805.000000000;2;9468577907;B
20240126;100952;2804.500000000;17;9468577923;S
20240126;100952;2804.000000000;3;9468577924;S
20240126;100956;2804.000000000;2;9468578558;S
20240126;100956;2804.000000000;36;9468578559;S
20240126;100956;2803.500000000;14;9468578560;S
20240126;101001;2804.500000000;15;9468579281;B
20240126;101009;2805.000000000;8;9468580756;B
20240126;101016;2804.000000000;20;9468581662;S
20240126;101016;2805.000000000;1;9468581684;B
20240126;101016;2805.000000000;3;9468581704;B
20240126;101018;2805.000000000;1;9468581968;B
20240126;101019;2805.000000000;1;9468582096;B
20240126;101019;2804.000000000;1;9468582184;S
20240126;101019;2803.500000000;36;9468582185;S
20240126;101019;2803.500000000;16;9468582186;S
20240126;101021;2803.500000000;8;9468582435;S
20240126;101022;2805.000000000;121;9468582599;B
20240126;101022;2805.000000000;3;9468582600;B
20240126;101022;2805.500000000;16;9468582601;B
20240126;101024;2804.500000000;8;9468582722;S
20240126;101024;2804.000000000;28;9468582723;S
20240126;101024;2803.500000000;28;9468582724;S
20240126;101030;2804.000000000;4;9468583805;S
20240126;101030;2803.500000000;28;9468583806;S
20240126;101030;2803.500000000;36;9468583807;S
20240126;101030;2803.500000000;4;9468583808;B
20240126;101031;2803.500000000;15;9468584069;B
20240126;101031;2805.000000000;1;9468584124;B
20240126;101034;2805.000000000;8;9468584442;B
20240126;101034;2805.000000000;2;9468584479;B
20240126;101037;2803.500000000;8;9468584819;S
20240126;101037;2803.500000000;36;9468584820;S
20240126;101037;2803.500000000;6;9468584821;S
20240126;101038;2805.000000000;1;9468584981;B
20240126;101039;2803.500000000;1;9468585064;S
20240126;101042;2805.000000000;10;9468585608;B
20240126;101042;2805.000000000;1;9468585665;B
20240126;101046;2805.000000000;5;9468586252;B
20240126;101047;2805.000000000;5;9468586271;B
20240126;101047;2805.000000000;26;9468586390;B
20240126;101048;2804.500000000;100;9468586528;S
20240126;101052;2804.000000000;11;9468587158;S
20240126;101054;2804.500000000;5;9468587418;B
20240126;101056;2803.500000000;1;9468587633;S
20240126;101056;2803.500000000;1;9468587634;S
20240126;101056;2803.500000000;18;9468587635;S
20240126;101056;2805.000000000;1;9468587706;B
20240126;101057;2805.000000000;5;9468587734;B
20240126;101059;2805.000000000;2;9468588066;B
20240126;101103;2804.500000000;4;9468588800;S
20240126;101103;2804.500000000;1;9468588809;S
20240126;101103;2804.500000000;29;9468588887;S
20240126;101106;2805.000000000;16;9468589162;B
20240126;101106;2805.000000000;9;9468589163;B
20240126;101107;2805.000000000;11;9468589287;B
20240126;101107;2805.000000000;11;9468589288;B
20240126;101107;2805.000000000;1;9468589309;B
20240126;101108;2805.000000000;33;9468589449;B
20240126;101111;2805.000000000;5;9468589877;B
20240126;101111;2805.000000000;5;9468589878;B
20240126;101112;2804.500000000;3;9468590227;S
20240126;101112;2805.000000000;2;9468590241;B
20240126;101114;2804.500000000;1;9468590619;S
20240126;101114;2805.000000000;1;9468590663;B
20240126;101114;2805.000000000;2;9468590664;B
20240126;101117;2805.000000000;26;9468591237;S
20240126;101117;2805.000000000;46;9468591238;S
20240126;101120;2805.500000000;1;9468591691;B
20240126;101127;2805.500000000;2;9468592474;B
20240126;101128;2805.500000000;8;9468592705;B
20240126;101128;2805.500000000;4;9468592769;B
20240126;101130;2805.500000000;3;9468592997;B
20240126;101132;2805.500000000;1;9468593179;B
20240126;101132;2805.500000000;65;9468593183;B
20240126;101132;2805.500000000;5;9468593184;B
20240126;101132;2805.500000000;30;9468593185;B
20240126;101132;2805.000000000;4;9468593219;S
20240126;101132;2805.000000000;1;9468593220;S
20240126;101132;2805.000000000;8;9468593221;S
20240126;101133;2805.500000000;9;9468593261;B
20240126;101134;2805.000000000;10;9468593408;S
20240126;101134;2805.000000000;5;9468593474;S
20240126;101137;2805.500000000;1;9468593899;B
20240126;101137;2805.500000000;2;9468593900;B
20240126;101137;2805.500000000;9;9468593902;B
20240126;101138;2805.500000000;29;9468594398;B
20240126;101138;2805.500000000;20;9468594399;B
20240126;101138;2806.000000000;29;9468594492;B
20240126;101139;2805.500000000;1;9468594695;S
20240126;101142;2805.500000000;4;9468595016;S
20240126;101143;2806.000000000;3;9468595105;B
20240126;101143;2806.000000000;18;9468595135;B
20240126;101144;2806.000000000;20;9468595227;B
20240126;101144;2806.000000000;10;9468595228;B
20240126;101144;2806.000000000;70;9468595229;B
20240126;101146;2806.000000000;3;9468595454;B
20240126;101146;2806.000000000;3;9468595599;B
20240126;101147;2806.000000000;24;9468595852;B
20240126;101147;2806.500000000;10;9468595853;B
20240126;101147;2807.000000000;1;9468595854;B
20240126;101148;2807.000000000;1;9468595986;B
20240126;101148;2806.500000000;11;9468595996;S
20240126;101148;2807.000000000;2;9468596000;B
20240126;101148;2807.000000000;1;9468596001;B
20240126;101148;2807.500000000;20;9468596002;B
20240126;101148;2807.500000000;6;9468596003;B
20240126;101149;2808.000000000;1;9468596077;B
20240126;101149;2808.000000000;17;9468596078;B
20240126;101150;2808.000000000;1;9468596183;B
20240126;101150;2807.500000000;1;9468596208;S
20240126;101151;2808.000000000;1;9468596314;B
20240126;101151;2808.000000000;6;9468596333;B
20240126;101151;2808.000000000;1;9468596334;B
20240126;101151;2808.000000000;3;9468596335;B
20240126;101152;2808.000000000;1;9468596476;B
20240126;101152;2808.000000000;18;9468596477;B
20240126;101152;2808.000000000;2;9468596478;B
20240126;101152;2808.000000000;40;9468596479;B
20240126;101152;2808.000000000;1;9468596480;B
20240126;101152;2808.000000000;38;9468596481;B
20240126;101152;2808.000000000;40;9468596557;B
20240126;101153;2808.000000000;20;9468596621;B
20240126;101154;2808.000000000;2;9468596885;B
20240126;101154;2808.500000000;38;9468596941;B
20240126;101154;2808.500000000;4;9468596942;B
20240126;101154;2808.500000000;8;9468596943;B
20240126;101154;2808.500000000;2;9468597006;B
20240126;101155;2808.500000000;10;9468597022;B
20240126;101155;2809.000000000;1;9468597023;B
20240126;101155;2809.000000000;1;9468597024;B
20240126;101155;2809.000000000;1;9468597025;B
20240126;101155;2809.000000000;5;9468597026;B
20240126;101155;2809.000000000;2;9468597027;B
20240126;101155;2809.000000000;1;9468597045;B
20240126;101155;2809.000000000;7;9468597061;B
20240126;101155;2809.500000000;1;9468597062;B
20240126;101155;2809.500000000;1;9468597063;B
20240126;101155;2809.500000000;5;9468597064;B
20240126;101155;2809.500000000;1;9468597065;B
20240126;101155;2809.500000000;1;9468597066;B
20240126;101155;2809.500000000;1;9468597067;B
20240126;101155;2809.500000000;28;9468597068;B
20240126;101155;2809.500000000;8;9468597069;B
20240126;101155;2810.000000000;2;9468597070;B
20240126;101155;2810.000000000;1;9468597071;B
20240126;101155;2810.000000000;1;9468597072;B
20240126;101155;2810.000000000;2;9468597073;B
20240126;101155;2810.000000000;25;9468597074;B
20240126;101155;2810.000000000;1;9468597075;B
20240126;101155;2810.000000000;15;9468597076;B
20240126;101155;2810.000000000;1;9468597079;B
20240126;101155;2809.500000000;1;9468597097;B
20240126;101155;2810.000000000;3;9468597098;B
20240126;101155;2810.000000000;20;9468597103;B
20240126;101155;2810.000000000;1;9468597205;B
20240126;101155;2810.000000000;3;9468597206;B
20240126;101155;2810.000000000;10;9468597207;B
20240126;101155;2810.000000000;3;9468597208;B
20240126;101155;2810.000000000;1;9468597209;B
20240126;101155;2810.000000000;30;9468597210;B
20240126;101155;2810.000000000;9;9468597211;B
20240126;101155;2810.000000000;1;9468597212;B
20240126;101155;2810.000000000;24;9468597213;B
20240126;101155;2810.000000000;9;9468597214;B
20240126;101155;2810.000000000;1;9468597215;B
20240126;101155;2810.000000000;8;9468597216;B
20240126;101155;2810.000000000;1;9468597219;B
20240126;101155;2809.500000000;5;9468597224;S
20240126;101155;2810.000000000;6;9468597225;B
20240126;101155;2810.000000000;10;9468597226;B
20240126;101155;2810.000000000;1;9468597227;B
20240126;101155;2810.000000000;5;9468597229;B
20240126;101155;2809.500000000;1;9468597259;S
20240126;101155;2810.000000000;5;9468597263;B
20240126;101155;2810.000000000;3;9468597289;B
20240126;101155;2810.000000000;36;9468597294;B
20240126;101155;2810.000000000;55;9468597295;B
20240126;101155;2810.000000000;53;9468597296;B
20240126;101155;2810.000000000;8;9468597297;B
20240126;101155;2810.000000000;78;9468597299;B
20240126;101156;2810.000000000;11;9468597310;B
20240126;101156;2809.500000000;4;9468597312;S
20240126;101156;2809.500000000;10;9468597315;S
20240126;101156;2809.500000000;10;9468597316;S
20240126;101156;2809.000000000;50;9468597339;S
20240126;101156;2809.000000000;5;9468597351;B
20240126;101156;2809.000000000;209;9468597362;B
20240126;101156;2809.500000000;29;9468597363;B
20240126;101158;2808.500000000;5;9468597670;S
20240126;101159;2809.500000000;5;9468597868;B
20240126;101201;2809.500000000;23;9468598268;B
20240126;101205;2809.500000000;8;9468598898;B
20240126;101205;2809.500000000;20;9468598899;B
20240126;101205;2810.000000000;22;9468598900;B
20240126;101205;2809.500000000;1;9468598982;S
20240126;101205;2810.000000000;5;9468598999;B
20240126;101206;2810.000000000;5;9468599092;B
20240126;101206;2809.500000000;3;9468599125;S
20240126;101211;2810.000000000;50;9468599826;B
20240126;101211;2810.000000000;329;9468599969;B
20240126;101211;2810.000000000;1;9468599970;B
20240126;101211;2810.000000000;70;9468599971;B
20240126;101212;2810.000000000;26;9468600092;B
20240126;101212;2810.000000000;3;9468600155;B
20240126;101212;2810.000000000;20;9468600157;B
20240126;101212;2810.000000000;7;9468600164;B
20240126;101212;2810.000000000;4;9468600166;B
20240126;101214;2810.000000000;70;9468600361;B
20240126;101214;2810.000000000;14;9468600362;B
20240126;101214;2810.000000000;41;9468600363;B
20240126;101214;2809.500000000;1;9468600364;S
20240126;101214;2810.000000000;35;9468600371;B
20240126;101214;2809.500000000;13;9468600420;S
20240126;101214;2809.500000000;3;9468600421;S
20240126;101214;2809.500000000;5;9468600422;S
20240126;101214;2810.000000000;12;9468600423;B
20240126;101214;2810.000000000;3;9468600447;B
20240126;101215;2809.500000000;15;9468600594;S
20240126;101215;2809.500000000;85;9468600595;S
20240126;101216;2810.000000000;1;9468600672;B
20240126;101216;2810.000000000;11;9468600728;B
20240126;101218;2810.000000000;3;9468601043;B
20240126;101218;2810.000000000;5;9468601090;B
20240126;101218;2809.500000000;100;9468601157;S
20240126;101218;2809.500000000;5;9468601159;S
20240126;101219;2809.500000000;10;9468601168;S
20240126;101219;2809.500000000;5;9468601169;S
20240126;101220;2810.000000000;153;9468601419;B
20240126;101220;2810.000000000;100;9468601420;B
20240126;101220;2811.000000000;1;9468601436;B
20240126;101221;2811.000000000;1;9468601555;B
20240126;101221;2811.000000000;15;9468601556;B
20240126;101221;2811.000000000;1;9468601557;B
20240126;101221;2811.000000000;100;9468601558;B
20240126;101221;2811.000000000;1;9468601559;B
20240126;101221;2811.500000000;25;9468601560;B
20240126;101221;2811.500000000;7;9468601561;B
20240126;101221;2811.500000000;4;9468601562;B
20240126;101221;2811.500000000;1;9468601563;B
20240126;101221;2811.500000000;10;9468601564;B
20240126;101221;2811.500000000;10;9468601565;B
20240126;101221;2811.500000000;11;9468601566;B
20240126;101221;2812.000000000;1;9468601573;B
20240126;101221;2812.000000000;4;9468601574;B
20240126;101221;2811.000000000;2;9468601587;S
20240126;101221;2811.000000000;1;9468601628;S
20240126;101221;2812.000000000;20;9468601634;B
20240126;101222;2811.000000000;33;9468601719;S
20240126;101222;2810.500000000;36;9468601720;S
20240126;101222;2810.500000000;4;9468601721;S
20240126;101222;2810.500000000;180;9468601722;S
20240126;101222;2810.000000000;162;9468601723;S
20240126;101222;2810.000000000;5;9468601724;S
20240126;101222;2809.500000000;45;9468601725;S
20240126;101222;2809.500000000;4;9468601726;S
20240126;101222;2809.500000000;40;9468601727;S
20240126;101222;2809.500000000;1;9468601728;S
20240126;101222;2809.500000000;55;9468601763;B
20240126;101222;2809.500000000;1;9468601764;B
20240126;101222;2809.500000000;19;9468601781;B
20240126;101224;2811.500000000;15;9468602140;B
20240126;101227;2811.000000000;1;9468602426;B
20240126;101227;2811.000000000;19;9468602472;B
20240126;101227;2812.000000000;1;9468602473;B
20240126;101227;2812.000000000;1;9468602474;B
20240126;101227;2812.000000000;37;9468602475;B
20240126;101227;2812.000000000;10;9468602476;B
20240126;101227;2812.000000000;354;9468602477;B
20240126;101227;2812.000000000;4;9468602531;B
20240126;101229;2812.000000000;10;9468602690;B
20240126;101229;2812.000000000;10;9468602777;B
20240126;101230;2810.500000000;36;9468602791;S
20240126;101230;2810.500000000;18;9468602792;S
20240126;101230;2810.500000000;1;9468602871;B
20240126;101234;2810.500000000;50;9468603349;B
20240126;101234;2810.500000000;1;9468603350;B
20240126;101234;2810.500000000;66;9468603376;B
20240126;101234;2810.500000000;3;9468603386;B
20240126;101235;2810.500000000;30;9468603464;B
20240126;101235;2810.000000000;1;9468603477;S
20240126;101235;2810.000000000;4;9468603482;S
20240126;101235;2810.500000000;29;9468603509;B
20240126;101235;2810.500000000;71;9468603510;B
20240126;101236;2810.000000000;10;9468603599;S
20240126;101236;2810.500000000;29;9468603618;B
20240126;101236;2811.000000000;4;9468603619;B
20240126;101236;2812.000000000;17;9468603620;B
20240126;101236;2812.000000000;1;9468603703;B
20240126;101240;2812.000000000;20;9468604156;B
20240126;101241;2812.000000000;1;9468604199;B
20240126;101241;2812.000000000;1;9468604241;B
20240126;101242;2812.000000000;1;9468604339;B
20240126;101242;2812.000000000;1;9468604340;B
20240126;101243;2812.000000000;3;9468604500;B
20240126;101243;2812.000000000;2;9468604508;B
20240126;101243;2812.000000000;5;9468604539;B
20240126;101243;2812.000000000;1;9468604540;B
20240126;101244;2811.500000000;36;9468604645;S
20240126;101244;2811.000000000;2;9468604646;S
20240126;101244;2811.000000000;12;9468604647;S
20240126;101244;2812.000000000;35;9468604650;B
20240126;101246;2812.000000000;10;9468604960;B
20240126;101248;2811.500000000;28;9468605281;B
20240126;101248;2812.000000000;124;9468605282;B
20240126;101248;2812.000000000;1;9468605283;B
20240126;101248;2812.000000000;2;9468605284;B
20240126;101248;2812.000000000;100;9468605285;B
20240126;101248;2812.000000000;25;9468605286;B
20240126;101249;2812.500000000;3;9468605348;B
20240126;101249;2812.500000000;3;9468605374;B
20240126;101250;2812.500000000;7;9468605547;B
20240126;101250;2812.500000000;1;9468605548;B
20240126;101250;2812.500000000;28;9468605549;B
20240126;101250;2812.500000000;194;9468605550;B
20240126;101250;2812.000000000;1;9468605555;S
20240126;101250;2812.000000000;68;9468605658;S
20240126;101251;2812.000000000;2;9468605712;B
20240126;101251;2812.000000000;8;9468605713;B
20240126;101252;2811.500000000;1;9468605848;B
20240126;101252;2811.500000000;35;9468605991;B
20240126;101252;2812.000000000;28;9468605992;B
20240126;101252;2812.000000000;60;9468605993;B
20240126;101252;2812.000000000;5;9468606038;B
20240126;101300;2812.000000000;31;9468607071;B
20240126;101300;2812.000000000;33;9468607072;B
20240126;101301;2812.000000000;2;9468607195;B
20240126;101303;2812.000000000;8;9468607366;B
20240126;101303;2812.000000000;10;9468607367;B
20240126;101303;2812.500000000;5;9468607383;B
20240126;101303;2812.500000000;2;9468607387;B
20240126;101303;2812.000000000;1;9468607388;S
20240126;101303;2812.500000000;11;9468607460;B
20240126;101303;2812.500000000;2;9468607465;B
20240126;101304;2812.500000000;5;9468607502;B
20240126;101304;2812.000000000;4;9468607509;S
20240126;101304;2811.500000000;36;9468607510;S
20240126;101304;2811.000000000;10;9468607511;S
20240126;101305;2812.500000000;3;9468607655;B
20240126;101305;2812.500000000;15;9468607726;B
20240126;101305;2812.500000000;20;9468607862;B
20240126;101305;2812.500000000;12;9468607863;B
20240126;101307;2812.000000000;18;9468608535;S
20240126;101310;2812.000000000;50;9468609077;B
20240126;101310;2811.500000000;10;9468609087;S
20240126;101310;2812.000000000;6;9468609159;B
20240126;101311;2811.500000000;30;9468609313;S
20240126;101311;2811.500000000;36;9468609314;S
20240126;101311;2811.000000000;44;9468609315;S
20240126;101312;2812.000000000;10;9468609365;B
20240126;101312;2812.000000000;16;9468609389;B
20240126;101312;2812.000000000;1;9468609390;B
20240126;101314;2812.500000000;7;9468609604;B
20240126;101314;2812.000000000;60;9468609660;S
20240126;101315;2812.500000000;4;9468609729;B
20240126;101315;2812.000000000;2;9468609745;S
20240126;101316;2812.500000000;10;9468609871;B
20240126;101316;2812.500000000;30;9468609888;B
20240126;101317;2812.500000000;4;9468610038;B
20240126;101317;2812.000000000;1;9468610045;S
20240126;101317;2812.000000000;1;9468610053;S
20240126;101318;2812.000000000;4;9468610125;S
20240126;101319;2812.500000000;30;9468610271;B
20240126;101320;2812.500000000;4;9468610536;B
20240126;101320;2812.500000000;142;9468610543;B
20240126;101320;2812.500000000;88;9468610544;B
20240126;101320;2813.000000000;70;9468610545;B
20240126;101320;2813.000000000;100;9468610552;B
20240126;101320;2812.500000000;1;9468610786;S
20240126;101321;2813.000000000;2;9468610809;B
20240126;101321;2813.000000000;20;9468610810;B
20240126;101321;2813.000000000;100;9468610848;B
20240126;101321;2813.000000000;8;9468610937;B
20240126;101321;2813.000000000;1;9468610938;B
20240126;101321;2813.000000000;1;9468610939;B
20240126;101322;2813.000000000;1;9468611002;B
20240126;101323;2813.000000000;1;9468611105;B
20240126;101323;2813.000000000;13;9468611106;B
20240126;101323;2813.000000000;15;9468611107;B
20240126;101323;2813.000000000;5;9468611108;B
20240126;101323;2813.000000000;1;9468611109;B
20240126;101323;2813.500000000;66;9468611110;B
20240126;101323;2813.500000000;3;9468611128;B
20240126;101324;2812.500000000;1;9468611220;S
20240126;101324;2813.500000000;7;9468611302;B
20240126;101324;2814.000000000;25;9468611305;B
20240126;101324;2814.000000000;1;9468611306;B
20240126;101324;2814.500000000;1;9468611307;B
20240126;101324;2814.500000000;2;9468611308;B
20240126;101324;2814.500000000;10;9468611309;B
20240126;101324;2814.500000000;88;9468611310;B
20240126;101324;2815.000000000;1;9468611311;B
20240126;101324;2815.000000000;2;9468611312;B
20240126;101324;2815.000000000;10;9468611313;B
20240126;101324;2815.000000000;7;9468611314;B
20240126;101324;2815.000000000;1;9468611315;B
20240126;101324;2815.000000000;2;9468611316;B
20240126;101324;2815.000000000;10;9468611317;B
20240126;101324;2815.000000000;5;9468611318;B
20240126;101324;2815.000000000;15;9468611319;B
20240126;101324;2815.000000000;10;9468611320;B
20240126;101324;2815.000000000;20;9468611321;B
20240126;101324;2815.000000000;2;9468611322;B
20240126;101324;2815.000000000;25;9468611323;B
20240126;101324;2815.000000000;1;9468611324;B
20240126;101324;2815.000000000;20;9468611325;B
20240126;101324;2815.000000000;42;9468611326;B
20240126;101327;2814.000000000;2;9468611739;B
20240126;101327;2814.000000000;3;9468611740;B
20240126;101327;2814.000000000;4;9468611741;B
20240126;101327;2814.500000000;20;9468611742;B
20240126;101327;2814.500000000;3;9468611743;B
20240126;101327;2814.500000000;2;9468611744;B
20240126;101327;2815.000000000;66;9468611745;B
20240126;101327;2815.000000000;3;9468611747;B
20240126;101328;2814.000000000;1;9468611816;B
20240126;101328;2814.500000000;10;9468611817;B
20240126;101328;2814.500000000;81;9468611818;B
20240126;101328;2815.000000000;14;9468611819;B
20240126;101328;2815.000000000;30;9468611820;B
20240126;101328;2815.000000000;364;9468611821;B
20240126;101329;2814.000000000;10;9468611920;S
20240126;101329;2815.000000000;108;9468612004;B
20240126;101329;2815.000000000;28;9468612006;B
20240126;101329;2815.000000000;1;9468612007;B
20240126;101329;2815.000000000;27;9468612008;S
20240126;101329;2813.000000000;23;9468612010;S
20240126;101330;2813.000000000;10;9468612025;S
20240126;101330;2815.000000000;36;9468612101;B
20240126;101330;2815.000000000;69;9468612102;B
20240126;101330;2815.500000000;1;9468612103;B
20240126;101330;2815.500000000;1;9468612104;B
20240126;101330;2815.500000000;1;9468612105;B
20240126;101330;2815.500000000;192;9468612106;B
20240126;101331;2815.500000000;3;9468612142;B
20240126;101332;2815.500000000;3;9468612343;B
20240126;101333;2815.500000000;1;9468612544;B
20240126;101333;2815.000000000;5;9468612593;S
20240126;101333;2816.000000000;2;9468612595;B
20240126;101334;2816.000000000;10;9468612794;B
20240126;101336;2816.000000000;5;9468612961;B
20240126;101337;2816.000000000;7;9468613153;B
20240126;101337;2816.000000000;1;9468613154;B
20240126;101337;2816.000000000;2;9468613155;B
20240126;101338;2816.000000000;1;9468613288;B
20240126;101338;2816.000000000;2;9468613289;B
20240126;101338;2816.000000000;10;9468613290;B
20240126;101338;2816.000000000;1;9468613291;B
20240126;101338;2816.000000000;1;9468613292;B
20240126;101338;2816.000000000;4;9468613293;B
20240126;101338;2816.000000000;1;9468613294;B
20240126;101338;2816.000000000;23;9468613295;B
20240126;101340;2816.000000000;1;9468613474;B
20240126;101340;2816.000000000;1;9468613475;B
20240126;101340;2816.000000000;1;9468613480;B
20240126;101340;2816.000000000;74;9468613551;B
20240126;101340;2816.000000000;10;9468613552;S
20240126;101340;2817.000000000;1;9468613576;B
20240126;101340;2817.000000000;4;9468613577;B
20240126;101342;2817.000000000;1;9468613741;B
20240126;101342;2816.000000000;16;9468613756;S
20240126;101342;2815.500000000;4;9468613757;S
20240126;101342;2815.000000000;10;9468613758;S
20240126;101342;2815.000000000;1;9468613759;S
20240126;101342;2815.000000000;10;9468613760;S
20240126;101342;2815.000000000;19;9468613818;B
20240126;101343;2816.000000000;1;9468613883;B
20240126;101344;2816.000000000;2;9468614036;B
20240126;101345;2816.000000000;1;9468614335;B
20240126;101348;2816.000000000;28;9468614659;B
20240126;101350;2816.000000000;5;9468614975;B
20240126;101350;2816.000000000;2;9468615044;B
20240126;101350;2816.000000000;10;9468615091;B
20240126;101350;2816.000000000;50;9468615092;B
20240126;101351;2816.000000000;1;9468615163;B
20240126;101352;2816.000000000;12;9468615302;B
20240126;101352;2816.000000000;2;9468615303;B
20240126;101352;2816.500000000;2;9468615304;B
20240126;101352;2816.500000000;4;9468615305;B
20240126;101354;2816.000000000;4;9468615534;B
20240126;101354;2816.000000000;20;9468615535;B
20240126;101354;2816.000000000;1;9468615572;S
20240126;101354;2815.500000000;6;9468615573;S
20240126;101355;2815.000000000;20;9468615818;S
20240126;101356;2815.500000000;3;9468615855;B
20240126;101356;2816.000000000;64;9468615856;B
20240126;101357;2815.500000000;1;9468615961;B
20240126;101357;2815.500000000;1;9468616004;B
20240126;101358;2815.000000000;10;9468616212;S
20240126;101400;2815.000000000;10;9468616349;S
20240126;101400;2815.500000000;5;9468616370;B
20240126;101400;2815.500000000;65;9468616457;B
20240126;101400;2815.500000000;50;9468616471;B
20240126;101402;2815.000000000;30;9468616676;S
20240126;101402;2815.000000000;1;9468616701;S
20240126;101403;2815.000000000;7;9468616774;S
20240126;101403;2815.500000000;3;9468616782;B
20240126;101404;2815.000000000;50;9468616923;S
20240126;101405;2815.500000000;1;9468616929;B
20240126;101406;2815.500000000;2;9468617225;B
20240126;101407;2815.500000000;7;9468617331;B
20240126;101407;2815.500000000;4;9468617332;B
20240126;101407;2815.500000000;36;9468617333;B
20240126;101407;2816.000000000;3;9468617334;B
20240126;101410;2816.000000000;1;9468617693;B
20240126;101410;2816.000000000;1;9468617694;B
20240126;101413;2816.000000000;69;9468618146;S
20240126;101414;2816.000000000;90;9468618160;B
20240126;101415;2815.500000000;1;9468618230;S
20240126;101415;2816.000000000;13;9468618249;B
20240126;101415;2816.000000000;12;9468618344;B
20240126;101417;2816.000000000;16;9468618500;B
20240126;101417;2816.000000000;2;9468618501;B
20240126;101417;2816.500000000;10;9468618502;B
20240126;101417;2817.000000000;1;9468618503;B
20240126;101417;2817.000000000;1;9468618504;B
20240126;101417;2817.000000000;13;9468618505;B
20240126;101417;2817.000000000;9;9468618506;B
20240126;101417;2817.000000000;50;9468618507;B
20240126;101417;2817.000000000;47;9468618508;B
20240126;101417;2817.000000000;194;9468618544;B
20240126;101417;2817.000000000;1;9468618595;B
20240126;101417;2815.500000000;10;9468618644;S
20240126;101417;2815.500000000;36;9468618645;S
20240126;101420;2817.000000000;30;9468618918;B
20240126;101420;2817.000000000;7;9468618961;B
20240126;101421;2817.000000000;3;9468619044;B
20240126;101423;2817.000000000;1;9468619205;B
20240126;101424;2817.000000000;2;9468619357;B
20240126;101424;2817.000000000;10;9468619363;B
20240126;101424;2817.000000000;10;9468619369;B
20240126;101424;2817.000000000;2;9468619384;B
20240126;101424;2817.000000000;10;9468619410;B
20240126;101425;2817.000000000;10;9468619441;B
20240126;101425;2817.000000000;55;9468619494;B
20240126;101425;2817.500000000;3;9468619495;B
20240126;101425;2817.500000000;1;9468619496;B
20240126;101425;2817.500000000;1;9468619497;B
20240126;101425;2817.500000000;2;9468619498;B
20240126;101425;2817.500000000;1;9468619499;B
20240126;101425;2817.500000000;50;9468619500;B
20240126;101425;2817.500000000;28;9468619501;B
20240126;101425;2818.000000000;5;9468619502;B
20240126;101425;2818.000000000;1;9468619503;B
20240126;101425;2818.000000000;4;9468619504;B
20240126;101425;2818.000000000;25;9468619505;B
20240126;101425;2818.000000000;8;9468619506;B
20240126;101425;2818.000000000;1;9468619507;B
20240126;101425;2818.000000000;4;9468619508;B
20240126;101425;2818.500000000;30;9468619509;B
20240126;101425;2818.500000000;2;9468619510;B
20240126;101425;2818.500000000;1;9468619511;B
20240126;101425;2818.500000000;63;9468619512;B
20240126;101425;2818.500000000;30;9468619513;B
20240126;101425;2819.000000000;10;9468619514;B
20240126;101425;2819.000000000;1;9468619515;B
20240126;101425;2819.000000000;176;9468619516;B
20240126;101425;2819.000000000;8;9468619543;B
20240126;101426;2817.500000000;2;9468619586;B
20240126;101426;2817.000000000;5;9468619609;S
20240126;101426;2817.500000000;3;9468619682;B
20240126;101426;2817.000000000;50;9468619688;S
20240126;101427;2817.000000000;32;9468619806;B
20240126;101428;2817.000000000;1;9468619901;B
20240126;101428;2817.000000000;20;9468619907;B
20240126;101428;2817.000000000;4;9468619926;B
20240126;101428;2817.000000000;10;9468619927;B
20240126;101430;2817.000000000;10;9468620047;B
20240126;101431;2817.000000000;45;9468620213;B
20240126;101431;2817.000000000;20;9468620265;B
20240126;101432;2816.500000000;30;9468620428;S
20240126;101432;2816.500000000;5;9468620429;S
20240126;101432;2816.500000000;5;9468620430;S
20240126;101432;2816.000000000;1;9468620433;S
20240126;101432;2816.000000000;1;9468620434;S
20240126;101432;2816.000000000;8;9468620435;S
20240126;101434;2816.000000000;2;9468620596;S
20240126;101435;2816.500000000;3;9468620735;B
20240126;101435;2816.000000000;10;9468620770;S
20240126;101435;2816.000000000;18;9468620785;S
20240126;101435;2816.000000000;10;9468620786;S
20240126;101436;2816.000000000;10;9468620887;B
20240126;101436;2816.000000000;10;9468620908;B
20240126;101436;2816.000000000;2;9468620914;B
20240126;101436;2816.500000000;3;9468620915;B
20240126;101436;2816.500000000;4;9468620936;B
20240126;101436;2816.500000000;36;9468620937;B
20240126;101436;2817.000000000;1;9468620938;B
20240126;101437;2816.500000000;50;9468621052;S
20240126;101438;2816.500000000;1;9468621138;S
20240126;101438;2817.000000000;1;9468621177;B
20240126;101439;2816.500000000;29;9468621244;S
20240126;101440;2817.000000000;3;9468621386;B
20240126;101441;2816.500000000;50;9468621402;S
20240126;101441;2817.000000000;50;9468621431;B
20240126;101442;2817.000000000;32;9468621574;B
20240126;101442;2817.000000000;31;9468621575;B
20240126;101445;2817.000000000;1;9468622007;B
20240126;101445;2817.000000000;6;9468622008;B
20240126;101446;2817.000000000;1;9468622050;B
20240126;101446;2816.500000000;20;9468622087;S
20240126;101446;2817.000000000;1;9468622098;B
20240126;101447;2817.000000000;28;9468622346;B
20240126;101447;2817.000000000;1;9468622347;B
20240126;101447;2817.000000000;1;9468622348;B
20240126;101448;2817.000000000;7;9468622481;B
20240126;101449;2817.000000000;2;9468622623;B
20240126;101449;2817.000000000;28;9468622624;B
20240126;101449;2817.000000000;1;9468622625;B
20240126;101449;2817.000000000;19;9468622631;S
20240126;101449;2817.000000000;14;9468622632;S
20240126;101449;2816.500000000;17;9468622633;S
20240126;101449;2816.500000000;6;9468622645;S
20240126;101451;2817.500000000;6;9468622923;B
20240126;101453;2817.000000000;10;9468623084;S
20240126;101453;2817.000000000;10;9468623085;S
20240126;101454;2817.000000000;10;9468623203;S
20240126;101454;2817.000000000;1;9468623207;B
20240126;101454;2817.000000000;15;9468623208;B
20240126;101454;2817.000000000;2;9468623237;B
20240126;101454;2816.500000000;2;9468623238;S
20240126;101454;2816.500000000;1;9468623280;S
20240126;101454;2817.000000000;2;9468623298;B
20240126;101455;2817.000000000;1;9468623381;B
20240126;101455;2816.500000000;42;9468623434;S
20240126;101456;2817.000000000;1;9468623515;B
20240126;101456;2816.500000000;10;9468623538;S
20240126;101457;2817.000000000;18;9468623675;B
20240126;101457;2817.000000000;32;9468623676;B
20240126;101457;2816.500000000;32;9468623679;S
20240126;101457;2816.500000000;1;9468623680;S
20240126;101459;2816.500000000;8;9468623889;B
20240126;101459;2816.500000000;9;9468623934;B
20240126;101459;2816.500000000;1;9468623935;B
20240126;101459;2816.500000000;3;9468623973;B
20240126;101501;2816.500000000;4;9468624126;S
20240126;101501;2816.500000000;3;9468624127;S
20240126;101501;2816.500000000;5;9468624128;S
20240126;101501;2816.500000000;2;9468624129;S
20240126;101503;2816.500000000;4;9468624507;S
20240126;101503;2816.500000000;5;9468624508;S
20240126;101503;2817.500000000;11;9468624579;B
20240126;101504;2816.500000000;8;9468624644;B
20240126;101504;2816.500000000;10;9468624715;B
20240126;101504;2816.500000000;3;9468624722;B
20240126;101505;2816.500000000;5;9468624827;B
20240126;101506;2816.500000000;1;9468624994;B
20240126;101506;2816.500000000;1;9468625002;B
20240126;101512;2817.000000000;1;9468626126;B
20240126;101513;2817.000000000;7;9468626351;B
20240126;101515;2817.000000000;2;9468626638;B
20240126;101516;2816.500000000;5;9468626849;S
20240126;101516;2816.500000000;2;9468626850;S
20240126;101516;2816.500000000;10;9468626851;S
20240126;101516;2816.500000000;36;9468626852;S
20240126;101517;2817.000000000;1;9468627010;B
20240126;101519;2817.000000000;1;9468627542;B
20240126;101519;2817.000000000;50;9468627543;B
20240126;101519;2817.500000000;449;9468627544;B
20240126;101519;2817.500000000;29;9468627545;B
20240126;101519;2817.500000000;29;9468627547;B
20240126;101520;2817.000000000;1;9468627713;B
20240126;101521;2817.000000000;9;9468627837;B
20240126;101521;2817.500000000;1;9468627838;B
20240126;101521;2817.500000000;1;9468627850;B
20240126;101522;2817.500000000;3;9468628104;B
20240126;101522;2817.500000000;27;9468628105;B
20240126;101523;2817.500000000;10;9468628209;B
20240126;101523;2817.500000000;10;9468628286;B
20240126;101524;2817.500000000;40;9468628542;B
20240126;101524;2817.500000000;10;9468628543;B
20240126;101526;2817.000000000;10;9468628909;S
20240126;101527;2817.000000000;1;9468629039;S
20240126;101527;2817.000000000;13;9468629147;S
20240126;101527;2817.000000000;19;9468629317;S
20240126;101527;2817.000000000;1;9468629318;S
20240126;101527;2816.500000000;30;9468629319;S
20240126;101529;2817.000000000;1;9468629756;S
20240126;101529;2817.000000000;25;9468629757;S
20240126;101529;2817.000000000;2;9468629758;S
20240126;101529;2816.500000000;22;9468629759;S
20240126;101532;2817.500000000;1;9468630316;B
20240126;101532;2818.000000000;1;9468630317;B
20240126;101532;2817.000000000;1;9468630362;S
20240126;101532;2816.500000000;5;9468630388;S
20240126;101532;2816.500000000;15;9468630389;S
20240126;101533;2817.000000000;2;9468630576;B
20240126;101533;2817.000000000;12;9468630606;B
20240126;101534;2817.000000000;1;9468630743;B
20240126;101535;2816.500000000;16;9468631110;S
20240126;101536;2817.000000000;2;9468631256;B
20240126;101536;2817.000000000;50;9468631409;B
20240126;101537;2816.500000000;1;9468631604;S
20240126;101538;2817.000000000;32;9468631915;B
20240126;101538;2817.500000000;12;9468631975;B
20240126;101539;2817.000000000;1;9468632052;S
20240126;101539;2817.000000000;7;9468632055;S
20240126;101541;2817.500000000;21;9468632571;B
20240126;101541;2818.000000000;4;9468632572;B
20240126;101541;2817.000000000;1;9468632648;S
20240126;101541;2816.500000000;4;9468632649;S
20240126;101541;2817.000000000;11;9468632707;B
20240126;101542;2817.000000000;5;9468632921;B
20240126;101542;2818.000000000;5;9468632922;B
20240126;101542;2818.000000000;1;9468632923;B
20240126;101542;2818.000000000;15;9468632924;B
20240126;101542;2818.000000000;10;9468632925;B
20240126;101544;2819.000000000;4;9468633305;B
20240126;101544;2819.000000000;1;9468633306;B
20240126;101544;2817.500000000;10;9468633420;S
20240126;101545;2819.000000000;25;9468633487;B
20240126;101545;2819.000000000;3;9468633634;B
20240126;101546;2819.000000000;100;9468633737;B
20240126;101546;2819.000000000;1;9468633918;B
20240126;101547;2819.000000000;4;9468633945;S
20240126;101547;2819.000000000;16;9468634004;B
20240126;101547;2819.500000000;1;9468634005;B
20240126;101547;2819.500000000;8;9468634006;B
20240126;101548;2818.500000000;5;9468634123;S
20240126;101548;2818.500000000;1;9468634157;B
20240126;101548;2818.500000000;9;9468634256;B
20240126;101548;2819.000000000;16;9468634257;B
20240126;101548;2819.500000000;1;9468634260;B
20240126;101549;2819.500000000;1;9468634529;B
20240126;101551;2819.500000000;6;9468634917;B
20240126;101554;2819.000000000;1;9468635371;B
20240126;101556;2819.500000000;4;9468635844;B
20240126;101556;2819.500000000;1;9468635845;B
20240126;101556;2818.500000000;1;9468635866;S
20240126;101556;2818.000000000;1;9468635867;S
20240126;101601;2818.000000000;5;9468636864;B
20240126;101601;2818.500000000;1;9468636865;B
20240126;101601;2819.000000000;1;9468636866;B
20240126;101601;2819.000000000;1;9468636867;B
20240126;101601;2819.000000000;2;9468636868;B
20240126;101602;2817.500000000;40;9468636890;S
20240126;101604;2817.500000000;15;9468637425;S
20240126;101605;2817.500000000;88;9468637713;B
20240126;101606;2817.500000000;1;9468637808;B
20240126;101606;2817.000000000;10;9468637876;S
20240126;101606;2817.000000000;15;9468637877;S
20240126;101606;2817.500000000;2;9468637940;B
20240126;101607;2817.500000000;4;9468637968;B
20240126;101607;2817.000000000;1;9468638132;S
20240126;101609;2817.500000000;100;9468638476;B
20240126;101609;2817.500000000;2;9468638712;B
20240126;101609;2817.500000000;7;9468638746;B
20240126;101610;2817.000000000;5;9468639094;S
20240126;101611;2817.500000000;1;9468639222;B
20240126;101614;2817.500000000;2;9468639605;B
20240126;101614;2817.500000000;3;9468639606;B
20240126;101614;2817.500000000;1;9468639633;B
20240126;101614;2817.500000000;10;9468639662;B
20240126;101614;2817.500000000;7;9468639704;B
20240126;101617;2818.000000000;2;9468640088;B
20240126;101617;2817.000000000;2;9468640106;S
20240126;101619;2817.500000000;3;9468640396;S
20240126;101619;2817.000000000;14;9468640397;S
20240126;101619;2817.000000000;1;9468640398;S
20240126;101619;2817.000000000;88;9468640399;S
20240126;101619;2817.000000000;40;9468640400;S
20240126;101619;2816.500000000;54;9468640401;S
20240126;101619;2816.500000000;1;9468640542;S
20240126;101620;2817.000000000;4;9468640618;B
20240126;101620;2817.500000000;6;9468640619;B
20240126;101620;2817.500000000;10;9468640721;B
20240126;101621;2818.000000000;5;9468641006;B
20240126;101623;2818.000000000;33;9468641496;B
20240126;101623;2818.000000000;1;9468641497;B
20240126;101627;2818.500000000;1;9468641896;B
20240126;101627;2818.500000000;1;9468641897;B
20240126;101627;2819.000000000;3;9468641898;B
20240126;101628;2819.000000000;17;9468642004;B
20240126;101628;2819.000000000;8;9468642005;B
20240126;101629;2819.000000000;1;9468642168;B
20240126;101631;2818.000000000;6;9468642448;S
20240126;101632;2817.500000000;1;9468642467;S
20240126;101632;2817.000000000;1;9468642522;S
20240126;101632;2817.500000000;3;9468642603;B
20240126;101634;2817.000000000;1;9468642858;S
20240126;101635;2817.000000000;1;9468643065;S
20240126;101636;2817.500000000;1;9468643167;B
20240126;101637;2817.500000000;1;9468643196;B
20240126;101637;2817.000000000;1;9468643248;S
20240126;101637;2817.500000000;1;9468643294;B
20240126;101638;2817.000000000;1;9468643580;S
20240126;101639;2817.000000000;1;9468643746;S
20240126;101640;2817.500000000;10;9468643849;B
20240126;101640;2817.000000000;1;9468643876;S
20240126;101640;2817.000000000;1;9468643899;S
20240126;101640;2817.500000000;1;9468643905;B
20240126;101640;2817.500000000;2;9468643906;B
20240126;101640;2817.500000000;1;9468643907;B
20240126;101643;2818.000000000;1;9468644475;B
20240126;101643;2818.000000000;2;9468644476;B
20240126;101644;2818.000000000;6;9468644485;S
20240126;101644;2818.500000000;1;9468644499;B
20240126;101644;2818.500000000;61;9468644500;B
20240126;101644;2818.500000000;5;9468644501;B
20240126;101644;2818.500000000;5;9468644521;B
20240126;101644;2818.500000000;2;9468644522;B
