<DATE>;<TIME>;<LAST>;<VOL>;<ID>;<OPER>
20240119;095932;2827.000000000;2;9445285438;S
20240119;095932;2827.000000000;1;9445285439;B
20240119;095932;2827.000000000;2;9445285440;B
20240119;095932;2827.000000000;1;9445285441;B
20240119;095932;2827.000000000;7;9445285442;B
20240119;095932;2827.000000000;2;9445285443;B
20240119;095932;2827.000000000;8;9445285444;B
20240119;095932;2827.000000000;1;9445285445;B
20240119;095932;2827.000000000;4;9445285446;B
20240119;095932;2827.000000000;50;9445285447;B
20240119;095932;2827.000000000;2;9445285448;B
20240119;095932;2827.000000000;25;9445285449;B
20240119;095932;2827.000000000;1;9445285450;B
20240119;095932;2827.000000000;4;9445285451;B
20240119;095932;2827.000000000;3;9445285452;B
20240119;095932;2827.000000000;1;9445285453;B
20240119;095932;2827.000000000;3;9445285454;B
20240119;095932;2827.000000000;25;9445285455;B
20240119;095932;2827.000000000;30;9445285456;B
20240119;095932;2827.000000000;1;9445285457;S
20240119;095932;2827.000000000;1;9445285458;B
20240119;095932;2827.000000000;4;9445285459;S
20240119;095932;2827.000000000;1;9445285460;B
20240119;095932;2827.000000000;10;9445285461;B
20240119;095932;2827.000000000;10;9445285462;B
20240119;095932;2827.000000000;100;9445285463;S
20240119;095932;2827.000000000;25;9445285464;B
20240119;095932;2827.000000000;1;9445285465;B
20240119;095932;2827.000000000;25;9445285466;S
20240119;095932;2827.000000000;1;9445285467;S
20240119;095932;2827.000000000;1;9445285468;S
20240119;095932;2827.000000000;1;9445285469;S
20240119;095932;2827.000000000;4;9445285470;S
20240119;095932;2827.000000000;1;9445285471;S
20240119;095932;2827.000000000;1;9445285472;S
20240119;095932;2827.000000000;5;9445285473;S
20240119;095932;2827.000000000;3;9445285474;B
20240119;095932;2827.000000000;20;9445285475;B
20240119;095932;2827.000000000;30;9445285476;B
20240119;095932;2827.000000000;2;9445285477;B
20240119;095932;2827.000000000;2;9445285478;B
20240119;095932;2827.000000000;11;9445285479;B
20240119;095932;2827.000000000;1;9445285480;B
20240119;095932;2827.000000000;30;9445285481;B
20240119;095932;2827.000000000;10;9445285482;B
20240119;095932;2827.000000000;75;9445285483;B
20240119;095932;2827.000000000;1;9445285484;S
20240119;095932;2827.000000000;12;9445285485;B
20240119;095932;2827.000000000;20;9445285486;B
20240119;095932;2827.000000000;3;9445285487;B
20240119;095932;2827.000000000;5;9445285488;B
20240119;095932;2827.000000000;100;9445285489;B
20240119;095932;2827.000000000;1;9445285490;B
20240119;095932;2827.000000000;1;9445285491;S
20240119;095932;2827.000000000;1;9445285492;S
20240119;095932;2827.000000000;2;9445285493;S
20240119;095932;2827.000000000;1;9445285494;S
20240119;095932;2827.000000000;1;9445285495;S
20240119;095932;2827.000000000;99;9445285496;S
20240119;095932;2827.000000000;1;9445285497;B
20240119;095932;2827.000000000;10;9445285498;B
20240119;095932;2827.000000000;9;9445285499;B
20240119;095932;2827.000000000;1;9445285500;B
20240119;095932;2827.000000000;1;9445285501;S
20240119;095932;2827.000000000;35;9445285502;S
20240119;095932;2827.000000000;1;9445285503;S
20240119;095932;2827.000000000;3;9445285504;S
20240119;095932;2827.000000000;1;9445285505;S
20240119;095932;2827.000000000;1;9445285506;S
20240119;095932;2827.000000000;1;9445285507;S
20240119;095932;2827.000000000;1;9445285508;S
20240119;095932;2827.000000000;14;9445285509;B
20240119;095932;2827.000000000;1;9445285510;B
20240119;095932;2827.000000000;2;9445285511;B
20240119;100000;2828.000000000;30;9445290780;B
20240119;100000;2828.000000000;6;9445290834;B
20240119;100000;2829.000000000;9;9445290870;B
20240119;100000;2829.000000000;7;9445290871;B
20240119;100000;2829.000000000;1;9445290872;B
20240119;100000;2829.000000000;1;9445290873;B
20240119;100000;2829.000000000;1;9445290874;B
20240119;100000;2829.000000000;1;9445290875;B
20240119;100000;2829.000000000;10;9445290876;B
20240119;100000;2829.000000000;15;9445290877;B
20240119;100000;2830.000000000;4;9445290907;B
20240119;100000;2830.000000000;36;9445290946;B
20240119;100000;2830.000000000;6;9445290947;B
20240119;100000;2830.000000000;2;9445290948;B
20240119;100000;2830.000000000;3;9445290953;B
20240119;100000;2830.500000000;7;9445290987;S
20240119;100000;2830.000000000;17;9445290988;S
20240119;100000;2830.000000000;25;9445290989;S
20240119;100000;2832.000000000;8;9445291040;B
20240119;100000;2832.000000000;28;9445291041;B
20240119;100000;2834.000000000;9;9445291060;B
20240119;100000;2834.000000000;5;9445291061;B
20240119;100000;2834.000000000;5;9445291073;S
20240119;100001;2829.500000000;1;9445291445;S
20240119;100001;2829.500000000;4;9445291645;S
20240119;100002;2829.500000000;2;9445291832;S
20240119;100003;2829.500000000;10;9445292265;S
20240119;100003;2830.000000000;1;9445292384;B
20240119;100004;2830.000000000;10;9445293212;B
20240119;100005;2829.500000000;38;9445293757;S
20240119;100005;2830.000000000;9;9445293996;B
20240119;100005;2830.000000000;4;9445294377;S
20240119;100005;2834.000000000;5;9445294378;B
20240119;100005;2830.500000000;4;9445294903;S
20240119;100010;2835.000000000;1;9445297924;B
20240119;100012;2835.500000000;4;9445298540;B
20240119;100013;2836.000000000;5;9445298748;B
20240119;100015;2835.500000000;4;9445299042;B
20240119;100015;2836.000000000;36;9445299043;B
20240119;100017;2836.000000000;13;9445299909;B
20240119;100019;2833.000000000;1;9445300491;B
20240119;100023;2833.000000000;1;9445301144;B
20240119;100031;2833.000000000;8;9445303071;B
20240119;100035;2833.500000000;8;9445303797;B
20240119;100035;2834.000000000;12;9445303798;B
20240119;100039;2831.000000000;1;9445304406;S
20240119;100039;2831.000000000;1;9445304407;S
20240119;100041;2833.000000000;5;9445304660;B
20240119;100041;2834.500000000;1;9445304661;B
20240119;100041;2834.500000000;34;9445304662;B
20240119;100042;2831.500000000;1;9445304823;S
20240119;100043;2830.500000000;9;9445304923;S
20240119;100043;2830.500000000;1;9445304924;S
20240119;100044;2830.500000000;6;9445305251;S
20240119;100044;2830.500000000;2;9445305252;S
20240119;100047;2831.000000000;10;9445305765;B
20240119;100047;2833.500000000;35;9445305802;B
20240119;100048;2830.000000000;3;9445306129;S
20240119;100049;2830.500000000;1;9445306241;B
20240119;100049;2833.000000000;1;9445306242;B
20240119;100050;2830.000000000;2;9445306472;S
20240119;100052;2833.000000000;30;9445306793;B
20240119;100053;2833.000000000;66;9445306915;B
20240119;100053;2833.500000000;25;9445306916;B
20240119;100054;2833.500000000;4;9445307282;S
20240119;100055;2832.000000000;3;9445307324;S
20240119;100055;2830.500000000;1;9445307325;S
20240119;100055;2830.500000000;2;9445307326;S
20240119;100055;2830.000000000;3;9445307327;S
20240119;100055;2830.000000000;3;9445307328;S
20240119;100055;2830.000000000;5;9445307329;S
20240119;100055;2830.000000000;1;9445307330;S
20240119;100055;2829.500000000;11;9445307331;S
20240119;100057;2833.500000000;10;9445307869;B
20240119;100057;2834.000000000;3;9445307995;B
20240119;100057;2835.000000000;2;9445307996;B
20240119;100058;2834.000000000;5;9445308119;B
20240119;100059;2829.500000000;1;9445308213;S
20240119;100100;2831.000000000;35;9445308617;S
20240119;100106;2833.000000000;2;9445309460;B
20240119;100112;2833.500000000;3;9445310396;B
20240119;100113;2833.500000000;1;9445310486;B
20240119;100115;2833.500000000;40;9445310987;B
20240119;100115;2834.000000000;1;9445310988;B
20240119;100115;2834.000000000;20;9445310989;B
20240119;100115;2834.500000000;1;9445310990;B
20240119;100115;2834.500000000;2;9445310991;B
20240119;100116;2834.500000000;1;9445311070;B
20240119;100116;2835.000000000;1;9445311071;B
20240119;100119;2834.500000000;5;9445311433;S
20240119;100121;2835.000000000;1;9445311723;B
20240119;100121;2835.000000000;1;9445311752;B
20240119;100121;2835.000000000;2;9445311863;B
20240119;100124;2834.500000000;40;9445312397;B
20240119;100124;2835.000000000;2;9445312398;B
20240119;100124;2835.000000000;10;9445312399;B
20240119;100124;2835.000000000;78;9445312400;B
20240119;100124;2835.000000000;1;9445312401;B
20240119;100124;2835.500000000;74;9445312402;B
20240119;100124;2835.500000000;8;9445312403;B
20240119;100124;2836.000000000;10;9445312404;B
20240119;100124;2836.000000000;110;9445312405;B
20240119;100124;2836.500000000;119;9445312406;B
20240119;100125;2836.500000000;100;9445312661;B
20240119;100127;2836.500000000;1;9445313057;B
20240119;100127;2837.500000000;5;9445313058;B
20240119;100127;2837.500000000;100;9445313059;B
20240119;100127;2837.500000000;97;9445313060;B
20240119;100128;2837.500000000;87;9445313125;S
20240119;100128;2835.000000000;1;9445313126;S
20240119;100128;2834.500000000;12;9445313127;S
20240119;100133;2836.000000000;6;9445313800;B
20240119;100133;2836.500000000;1;9445313801;B
20240119;100133;2837.500000000;12;9445313802;B
20240119;100133;2837.500000000;4;9445313803;B
20240119;100133;2837.500000000;2;9445313804;B
20240119;100133;2837.000000000;1;9445313879;B
20240119;100135;2834.500000000;1;9445314156;S
20240119;100136;2837.000000000;4;9445314353;B
20240119;100136;2837.500000000;6;9445314392;B
20240119;100138;2837.500000000;2;9445314688;B
20240119;100138;2837.500000000;1;9445314689;B
20240119;100138;2838.000000000;7;9445314690;B
20240119;100151;2837.000000000;100;9445316383;B
20240119;100151;2837.000000000;1;9445316384;B
20240119;100151;2837.000000000;1;9445316385;B
20240119;100152;2838.000000000;20;9445316398;B
20240119;100152;2837.000000000;1;9445316464;B
20240119;100152;2838.000000000;85;9445316465;B
20240119;100152;2838.000000000;6;9445316466;B
20240119;100152;2838.000000000;46;9445316467;B
20240119;100152;2838.500000000;10;9445316468;B
20240119;100152;2839.000000000;1;9445316469;B
20240119;100152;2839.000000000;71;9445316470;B
20240119;100157;2838.000000000;200;9445316994;B
20240119;100158;2838.000000000;500;9445317163;B
20240119;100200;2839.000000000;17;9445317300;B
20240119;100200;2839.000000000;5;9445317301;B
20240119;100202;2839.000000000;36;9445317670;S
20240119;100202;2839.000000000;13;9445317671;S
20240119;100204;2839.500000000;15;9445317858;B
20240119;100204;2839.500000000;25;9445317924;B
20240119;100204;2840.000000000;1;9445317925;B
20240119;100204;2840.000000000;20;9445317926;B
20240119;100204;2840.000000000;1;9445317927;B
20240119;100204;2840.000000000;453;9445317928;B
20240119;100204;2840.000000000;47;9445317929;B
20240119;100208;2839.500000000;3;9445318394;B
20240119;100208;2840.000000000;10;9445318395;B
20240119;100208;2840.000000000;4;9445318396;B
20240119;100208;2840.000000000;5;9445318397;B
20240119;100211;2840.500000000;20;9445318715;B
20240119;100211;2842.000000000;1;9445318716;B
20240119;100211;2842.000000000;1;9445318717;B
20240119;100211;2842.000000000;8;9445318718;B
20240119;100211;2842.500000000;1;9445318719;B
20240119;100211;2842.500000000;45;9445318720;B
20240119;100212;2842.500000000;4;9445318814;B
20240119;100213;2842.500000000;71;9445318887;B
20240119;100213;2843.000000000;5;9445318888;B
20240119;100213;2843.000000000;10;9445318889;B
20240119;100213;2843.000000000;35;9445318890;B
20240119;100213;2843.500000000;36;9445318891;B
20240119;100213;2844.000000000;10;9445318892;B
20240119;100213;2844.000000000;11;9445318893;B
20240119;100217;2843.000000000;4;9445319291;B
20240119;100217;2843.000000000;1;9445319341;B
20240119;100218;2843.000000000;1;9445319498;B
20240119;100218;2842.500000000;1;9445319499;S
20240119;100218;2842.500000000;9;9445319500;S
20240119;100220;2843.000000000;1;9445319736;B
20240119;100221;2843.000000000;1;9445319803;B
20240119;100221;2842.500000000;1;9445319843;S
20240119;100221;2842.500000000;28;9445319844;S
20240119;100223;2842.500000000;5;9445320046;B
20240119;100224;2842.000000000;1;9445320221;S
20240119;100224;2842.000000000;4;9445320289;S
20240119;100224;2842.000000000;1;9445320290;S
20240119;100224;2842.500000000;2;9445320369;B
20240119;100225;2842.500000000;20;9445320408;B
20240119;100226;2842.500000000;36;9445320554;B
20240119;100226;2843.000000000;52;9445320555;B
20240119;100226;2843.000000000;12;9445320556;B
20240119;100226;2843.000000000;88;9445320579;B
20240119;100226;2843.000000000;5;9445320580;B
20240119;100226;2843.000000000;7;9445320581;B
20240119;100227;2843.000000000;1;9445320632;B
20240119;100227;2843.500000000;7;9445320640;S
20240119;100227;2843.500000000;4;9445320641;S
20240119;100227;2843.500000000;13;9445320642;S
20240119;100227;2843.500000000;7;9445320645;S
20240119;100227;2843.500000000;12;9445320646;S
20240119;100227;2843.500000000;2;9445320647;S
20240119;100227;2843.500000000;3;9445320648;S
20240119;100227;2843.500000000;6;9445320649;S
20240119;100227;2843.500000000;1;9445320650;S
20240119;100227;2843.500000000;2;9445320651;S
20240119;100227;2843.500000000;6;9445320652;S
20240119;100227;2843.500000000;2;9445320653;S
20240119;100227;2843.500000000;19;9445320654;S
20240119;100227;2842.500000000;2;9445320655;S
20240119;100227;2842.000000000;2;9445320656;S
20240119;100227;2841.500000000;7;9445320657;S
20240119;100227;2841.500000000;10;9445320658;S
20240119;100227;2841.500000000;2;9445320660;S
20240119;100227;2843.500000000;2;9445320673;S
20240119;100227;2844.000000000;55;9445320685;B
20240119;100228;2844.000000000;17;9445320743;B
20240119;100229;2844.000000000;2;9445320994;B
20240119;100229;2844.000000000;1;9445320995;B
20240119;100229;2844.000000000;11;9445320996;B
20240119;100229;2843.500000000;30;9445321051;S
20240119;100229;2843.500000000;1;9445321052;S
20240119;100229;2843.500000000;1;9445321053;S
20240119;100229;2843.000000000;20;9445321054;S
20240119;100230;2841.500000000;21;9445321209;S
20240119;100230;2841.500000000;1;9445321210;S
20240119;100230;2841.500000000;28;9445321211;S
20240119;100231;2842.500000000;1;9445321315;B
20240119;100234;2842.500000000;140;9445321810;B
20240119;100234;2844.000000000;10;9445321811;B
20240119;100234;2844.000000000;1;9445321812;B
20240119;100234;2844.000000000;20;9445321813;B
20240119;100234;2844.000000000;29;9445321814;B
20240119;100235;2844.000000000;2;9445321934;B
20240119;100236;2842.000000000;1;9445322037;S
20240119;100236;2842.000000000;9;9445322038;S
20240119;100236;2844.000000000;2;9445322118;B
20240119;100236;2844.000000000;6;9445322164;B
20240119;100237;2844.000000000;4;9445322455;B
20240119;100238;2841.500000000;1;9445322623;S
20240119;100238;2841.500000000;2;9445322624;S
20240119;100239;2841.500000000;10;9445322659;S
20240119;100239;2842.000000000;2;9445322707;B
20240119;100239;2841.500000000;1;9445322738;S
20240119;100239;2842.000000000;58;9445322746;B
20240119;100239;2843.500000000;12;9445322747;B
20240119;100240;2842.500000000;1;9445322874;B
20240119;100240;2843.500000000;9;9445322875;B
20240119;100242;2843.500000000;36;9445323059;B
20240119;100242;2844.000000000;64;9445323060;B
20240119;100247;2842.500000000;36;9445323653;B
20240119;100247;2843.000000000;64;9445323654;B
20240119;100248;2841.000000000;5;9445323740;S
20240119;100248;2841.000000000;13;9445323741;S
20240119;100253;2841.000000000;8;9445324319;B
20240119;100253;2840.500000000;1;9445324337;S
20240119;100254;2840.000000000;1;9445324455;S
20240119;100254;2840.000000000;9;9445324456;S
20240119;100254;2840.500000000;1;9445324576;B
20240119;100254;2840.000000000;225;9445324602;S
20240119;100255;2840.000000000;10;9445324684;S
20240119;100255;2840.500000000;1;9445324707;B
20240119;100256;2840.000000000;300;9445324730;S
20240119;100256;2840.000000000;35;9445324815;S
20240119;100257;2840.000000000;10;9445324909;S
20240119;100257;2840.500000000;1;9445324931;B
20240119;100257;2841.000000000;1;9445324947;B
20240119;100259;2841.000000000;31;9445325086;B
20240119;100259;2841.500000000;36;9445325087;B
20240119;100259;2842.000000000;2;9445325088;B
20240119;100259;2842.000000000;31;9445325089;B
20240119;100301;2841.500000000;20;9445325331;B
20240119;100304;2841.500000000;36;9445325842;B
20240119;100304;2841.500000000;1;9445325843;B
20240119;100304;2842.000000000;13;9445325844;B
20240119;100307;2841.500000000;2;9445326473;B
20240119;100307;2840.000000000;1;9445326553;S
20240119;100308;2841.500000000;6;9445326592;B
20240119;100309;2841.500000000;28;9445326713;B
20240119;100309;2842.000000000;56;9445326714;B
20240119;100309;2842.000000000;60;9445326715;B
20240119;100309;2843.000000000;336;9445326716;B
20240119;100309;2843.000000000;1;9445326717;B
20240119;100309;2843.000000000;19;9445326718;B
20240119;100312;2842.000000000;1;9445327096;B
20240119;100312;2842.000000000;10;9445327097;B
20240119;100312;2843.000000000;6;9445327098;B
20240119;100312;2843.000000000;18;9445327099;B
20240119;100318;2843.000000000;18;9445327666;B
20240119;100318;2843.000000000;1;9445327667;B
20240119;100318;2843.000000000;1;9445327668;B
20240119;100318;2843.000000000;5;9445327669;B
20240119;100318;2843.500000000;1;9445327670;B
20240119;100318;2843.500000000;150;9445327671;B
20240119;100318;2844.000000000;9;9445327705;B
20240119;100319;2844.000000000;1;9445327834;B
20240119;100319;2843.500000000;24;9445327954;S
20240119;100319;2843.500000000;30;9445327955;S
20240119;100323;2843.000000000;1;9445328357;B
20240119;100324;2843.000000000;35;9445328685;B
20240119;100324;2843.000000000;1;9445328686;B
20240119;100324;2843.000000000;3;9445328687;B
20240119;100324;2843.500000000;46;9445328688;B
20240119;100324;2844.000000000;12;9445328689;B
20240119;100324;2844.000000000;17;9445328690;B
20240119;100325;2841.000000000;5;9445328734;S
20240119;100330;2841.500000000;1;9445329426;S
20240119;100332;2843.000000000;1;9445329665;B
20240119;100332;2843.500000000;1;9445329666;B
20240119;100333;2843.500000000;3;9445329794;B
20240119;100333;2843.500000000;20;9445329795;B
20240119;100333;2844.000000000;147;9445329796;B
20240119;100333;2844.000000000;1;9445329797;B
20240119;100333;2844.000000000;5;9445329798;B
20240119;100333;2844.000000000;150;9445329799;B
20240119;100333;2844.000000000;10;9445329800;B
20240119;100333;2844.000000000;25;9445329801;B
20240119;100333;2844.500000000;55;9445329802;B
20240119;100333;2844.500000000;35;9445329803;B
20240119;100333;2844.500000000;49;9445329804;B
20240119;100333;2844.500000000;8;9445329854;B
20240119;100335;2842.500000000;1;9445330105;S
20240119;100335;2842.500000000;6;9445330106;S
20240119;100335;2842.000000000;59;9445330107;S
20240119;100344;2844.000000000;1;9445331340;B
20240119;100344;2844.000000000;2;9445331341;B
20240119;100344;2842.000000000;10;9445331353;S
20240119;100346;2844.000000000;4;9445331587;B
20240119;100352;2844.500000000;1;9445332454;B
20240119;100355;2844.500000000;1;9445332670;B
20240119;100355;2844.500000000;92;9445332712;B
20240119;100355;2844.500000000;1;9445332713;B
20240119;100355;2844.500000000;20;9445332714;B
20240119;100355;2845.000000000;15;9445332715;B
20240119;100355;2845.000000000;10;9445332716;B
20240119;100355;2845.000000000;20;9445332717;B
20240119;100355;2845.000000000;2;9445332718;B
20240119;100355;2845.000000000;90;9445332719;B
20240119;100357;2844.000000000;1;9445332983;S
20240119;100400;2844.500000000;20;9445333556;S
20240119;100400;2845.000000000;8;9445333583;B
20240119;100400;2845.000000000;12;9445333584;B
20240119;100404;2845.000000000;5;9445334044;S
20240119;100405;2845.500000000;20;9445334198;B
20240119;100407;2846.000000000;3;9445334532;B
20240119;100408;2846.000000000;12;9445334658;B
20240119;100408;2846.000000000;4;9445334659;B
20240119;100408;2845.500000000;1;9445334675;S
20240119;100408;2846.000000000;8;9445334706;B
20240119;100408;2846.000000000;22;9445334707;B
20240119;100408;2845.500000000;4;9445334715;S
20240119;100409;2846.000000000;2;9445335084;B
20240119;100410;2846.000000000;1;9445335291;B
20240119;100411;2846.000000000;1;9445335399;B
20240119;100411;2846.000000000;1;9445335400;B
20240119;100412;2846.000000000;17;9445335550;B
20240119;100412;2846.000000000;3;9445335580;S
20240119;100415;2846.000000000;1;9445335926;S
20240119;100415;2846.000000000;1;9445335953;S
20240119;100418;2846.500000000;1;9445336212;B
20240119;100419;2847.000000000;40;9445336344;B
20240119;100419;2847.000000000;29;9445336366;B
20240119;100419;2847.000000000;2;9445336398;B
20240119;100419;2847.000000000;4;9445336400;B
20240119;100419;2847.000000000;3;9445336401;B
20240119;100419;2847.000000000;3;9445336402;B
20240119;100419;2847.000000000;3;9445336403;B
20240119;100419;2847.000000000;8;9445336404;B
20240119;100419;2847.000000000;15;9445336405;B
20240119;100419;2847.000000000;5;9445336406;B
20240119;100419;2847.000000000;4;9445336408;B
20240119;100419;2847.000000000;9;9445336409;B
20240119;100419;2847.000000000;4;9445336410;B
20240119;100419;2847.000000000;4;9445336412;B
20240119;100419;2847.000000000;4;9445336413;B
20240119;100419;2847.000000000;3;9445336414;B
20240119;100419;2847.000000000;4;9445336415;B
20240119;100419;2847.000000000;5;9445336416;B
20240119;100419;2847.000000000;26;9445336417;B
20240119;100419;2847.000000000;4;9445336418;B
20240119;100419;2847.000000000;9;9445336421;B
20240119;100419;2847.000000000;8;9445336422;B
20240119;100419;2847.000000000;6;9445336433;B
20240119;100419;2847.000000000;9;9445336434;B
20240119;100419;2847.000000000;7;9445336435;B
20240119;100419;2847.000000000;5;9445336436;B
20240119;100419;2847.000000000;6;9445336437;B
20240119;100419;2847.000000000;5;9445336438;B
20240119;100419;2847.000000000;1;9445336439;B
20240119;100419;2847.000000000;11;9445336440;B
20240119;100419;2847.000000000;14;9445336441;B
20240119;100419;2847.000000000;8;9445336442;B
20240119;100419;2847.000000000;1;9445336443;B
20240119;100419;2847.000000000;8;9445336444;B
20240119;100419;2847.000000000;3;9445336445;B
20240119;100419;2847.000000000;15;9445336446;B
20240119;100419;2847.000000000;5;9445336447;B
20240119;100419;2847.500000000;1;9445336448;B
20240119;100419;2847.500000000;30;9445336449;B
20240119;100419;2847.500000000;6;9445336450;B
20240119;100419;2847.500000000;16;9445336451;B
20240119;100419;2847.500000000;5;9445336452;B
20240119;100419;2847.500000000;9;9445336453;B
20240119;100419;2847.000000000;3;9445336479;S
20240119;100419;2847.500000000;6;9445336519;B
20240119;100419;2848.000000000;2;9445336520;B
20240119;100419;2848.000000000;3;9445336521;B
20240119;100419;2848.000000000;7;9445336522;B
20240119;100420;2848.000000000;1;9445336662;B
20240119;100420;2848.000000000;5;9445336679;B
20240119;100420;2848.000000000;2;9445336680;B
20240119;100420;2848.000000000;1;9445336681;B
20240119;100420;2848.000000000;2;9445336682;B
20240119;100420;2848.000000000;3;9445336683;B
20240119;100420;2848.000000000;4;9445336684;B
20240119;100420;2848.000000000;6;9445336685;B
20240119;100420;2848.000000000;8;9445336686;B
20240119;100420;2848.000000000;4;9445336687;B
20240119;100420;2848.000000000;5;9445336688;B
20240119;100420;2848.000000000;3;9445336689;B
20240119;100420;2848.000000000;1;9445336690;B
20240119;100420;2848.000000000;1;9445336691;B
20240119;100420;2848.500000000;25;9445336692;B
20240119;100420;2848.500000000;4;9445336693;B
20240119;100420;2848.500000000;1;9445336694;B
20240119;100420;2848.500000000;3;9445336695;B
20240119;100420;2848.500000000;16;9445336696;B
20240119;100420;2848.500000000;21;9445336697;B
20240119;100420;2848.500000000;19;9445336698;B
20240119;100420;2848.500000000;13;9445336699;B
20240119;100420;2848.500000000;15;9445336700;B
20240119;100420;2848.500000000;2;9445336701;B
20240119;100420;2848.500000000;5;9445336702;B
20240119;100420;2848.500000000;10;9445336703;B
20240119;100420;2848.500000000;14;9445336704;B
20240119;100421;2848.500000000;7;9445336706;B
20240119;100421;2848.500000000;4;9445336707;B
20240119;100421;2848.500000000;15;9445336708;B
20240119;100421;2848.500000000;5;9445336709;B
20240119;100421;2848.500000000;7;9445336712;B
20240119;100421;2848.500000000;6;9445336713;B
20240119;100421;2848.500000000;2;9445336714;B
20240119;100421;2848.500000000;4;9445336715;B
20240119;100421;2848.500000000;7;9445336717;B
20240119;100421;2848.500000000;5;9445336718;B
20240119;100421;2848.500000000;6;9445336719;B
20240119;100421;2848.500000000;5;9445336720;B
20240119;100421;2848.500000000;2;9445336721;B
20240119;100421;2848.500000000;14;9445336723;B
20240119;100421;2848.500000000;1;9445336724;B
20240119;100421;2848.500000000;6;9445336725;B
20240119;100421;2848.500000000;2;9445336730;B
20240119;100423;2848.500000000;13;9445336982;B
20240119;100423;2848.500000000;4;9445336983;B
20240119;100427;2847.000000000;3;9445337776;S
20240119;100429;2848.500000000;4;9445337975;B
20240119;100430;2848.000000000;1;9445338131;S
20240119;100432;2848.500000000;5;9445338383;B
20240119;100432;2848.500000000;48;9445338393;B
20240119;100432;2848.500000000;2;9445338394;B
20240119;100435;2847.500000000;1;9445338950;S
20240119;100438;2848.500000000;3;9445339459;B
20240119;100438;2847.500000000;2;9445339483;S
20240119;100439;2848.000000000;3;9445339619;B
20240119;100440;2847.500000000;9;9445339830;S
20240119;100440;2847.500000000;4;9445339868;S
20240119;100440;2848.000000000;25;9445339895;B
20240119;100440;2848.000000000;1;9445339896;B
20240119;100440;2848.500000000;9;9445339897;B
20240119;100441;2847.500000000;4;9445339925;S
20240119;100442;2847.500000000;1;9445340015;S
20240119;100444;2848.500000000;77;9445340279;B
20240119;100445;2848.000000000;1;9445340631;S
20240119;100445;2848.000000000;100;9445340651;S
20240119;100448;2848.000000000;4;9445340870;S
20240119;100448;2848.000000000;10;9445340964;S
20240119;100449;2848.500000000;9;9445341037;B
20240119;100449;2848.500000000;100;9445341038;B
20240119;100449;2848.500000000;1;9445341039;B
20240119;100449;2848.500000000;20;9445341040;B
20240119;100449;2849.000000000;2;9445341041;B
20240119;100449;2849.000000000;5;9445341042;B
20240119;100449;2849.000000000;2;9445341043;B
20240119;100449;2849.000000000;75;9445341044;B
20240119;100449;2849.000000000;35;9445341045;B
20240119;100449;2849.000000000;1;9445341046;B
20240119;100449;2849.000000000;2;9445341047;B
20240119;100449;2849.000000000;6;9445341048;B
20240119;100449;2849.500000000;5;9445341049;B
20240119;100450;2849.000000000;42;9445341197;S
20240119;100450;2849.000000000;6;9445341198;S
20240119;100450;2849.000000000;32;9445341199;S
20240119;100450;2848.500000000;200;9445341200;S
20240119;100452;2848.500000000;20;9445341385;B
20240119;100452;2848.500000000;7;9445341395;B
20240119;100452;2848.500000000;9;9445341427;B
20240119;100453;2848.500000000;2;9445341529;B
20240119;100453;2848.500000000;82;9445341541;B
20240119;100453;2849.000000000;6;9445341542;B
20240119;100453;2849.500000000;1;9445341543;B
20240119;100453;2850.000000000;1;9445341544;B
20240119;100453;2850.000000000;10;9445341545;B
20240119;100454;2850.000000000;10;9445341752;B
20240119;100454;2850.000000000;3;9445341753;B
20240119;100454;2850.000000000;37;9445341754;B
20240119;100457;2849.500000000;28;9445342091;B
20240119;100457;2850.000000000;33;9445342092;B
20240119;100457;2850.000000000;1;9445342093;B
20240119;100457;2850.000000000;5;9445342094;B
20240119;100457;2850.000000000;10;9445342095;B
20240119;100457;2850.000000000;10;9445342096;B
20240119;100457;2850.000000000;2;9445342097;B
20240119;100457;2850.000000000;100;9445342098;B
20240119;100457;2850.000000000;6;9445342099;B
20240119;100457;2850.500000000;35;9445342100;B
20240119;100457;2850.500000000;17;9445342101;B
20240119;100457;2850.500000000;5;9445342102;B
20240119;100457;2851.000000000;248;9445342103;B
20240119;100457;2851.000000000;15;9445342104;B
20240119;100457;2851.000000000;15;9445342105;B
20240119;100458;2849.000000000;1;9445342252;S
20240119;100459;2849.000000000;1;9445342368;S
20240119;100459;2848.500000000;5;9445342399;S
20240119;100459;2848.500000000;5;9445342400;S
20240119;100500;2849.000000000;2;9445342439;B
20240119;100500;2848.000000000;9;9445342489;S
20240119;100501;2848.500000000;4;9445342558;B
20240119;100501;2848.500000000;1;9445342582;B
20240119;100501;2848.500000000;4;9445342583;B
20240119;100501;2849.000000000;1;9445342684;B
20240119;100502;2848.500000000;6;9445342801;S
20240119;100502;2848.500000000;5;9445342802;S
20240119;100502;2848.000000000;56;9445342803;S
20240119;100502;2848.000000000;8;9445342804;S
20240119;100503;2848.000000000;42;9445342877;S
20240119;100503;2848.000000000;1;9445342897;B
20240119;100503;2848.000000000;50;9445342956;B
20240119;100503;2847.500000000;6;9445342968;S
20240119;100504;2848.000000000;7;9445343065;B
20240119;100504;2848.000000000;5;9445343066;B
20240119;100504;2848.500000000;176;9445343067;B
20240119;100507;2848.000000000;10;9445343485;S
20240119;100507;2847.500000000;1;9445343495;S
20240119;100508;2848.000000000;5;9445343573;B
20240119;100508;2848.500000000;30;9445343574;B
20240119;100508;2848.500000000;15;9445343575;B
20240119;100508;2847.000000000;5;9445343615;S
20240119;100508;2846.500000000;5;9445343616;S
20240119;100509;2848.000000000;5;9445343770;S
20240119;100510;2848.500000000;1;9445343916;B
20240119;100510;2848.500000000;2;9445343936;B
20240119;100511;2846.500000000;1;9445344007;S
20240119;100511;2846.500000000;1;9445344008;S
20240119;100511;2846.500000000;3;9445344042;B
20240119;100512;2846.500000000;1;9445344180;B
20240119;100512;2846.000000000;35;9445344226;S
20240119;100512;2846.000000000;5;9445344253;S
20240119;100513;2846.000000000;10;9445344274;S
20240119;100513;2845.500000000;1;9445344275;S
20240119;100513;2845.500000000;5;9445344276;S
20240119;100513;2845.500000000;29;9445344277;S
20240119;100513;2844.500000000;10;9445344320;B
20240119;100513;2844.500000000;7;9445344363;B
20240119;100513;2843.000000000;15;9445344381;S
20240119;100513;2843.000000000;5;9445344382;S
20240119;100516;2842.000000000;10;9445344703;S
20240119;100516;2842.000000000;3;9445344802;S
20240119;100516;2842.000000000;23;9445344803;S
20240119;100516;2842.000000000;1;9445344804;S
20240119;100516;2842.000000000;30;9445344805;S
20240119;100516;2842.000000000;5;9445344806;S
20240119;100516;2842.000000000;8;9445344807;S
20240119;100516;2841.500000000;8;9445344808;S
20240119;100516;2841.500000000;370;9445344809;S
20240119;100516;2843.500000000;1;9445344828;B
20240119;100517;2843.500000000;9;9445344908;B
20240119;100517;2844.000000000;10;9445344909;B
20240119;100517;2844.000000000;5;9445344910;B
20240119;100517;2844.000000000;26;9445344911;B
20240119;100518;2841.500000000;50;9445345040;S
20240119;100519;2842.000000000;1;9445345160;B
20240119;100519;2844.000000000;33;9445345161;B
20240119;100519;2844.500000000;16;9445345162;B
20240119;100520;2842.000000000;5;9445345387;S
20240119;100520;2841.500000000;80;9445345388;S
20240119;100520;2841.000000000;30;9445345389;S
20240119;100520;2841.000000000;60;9445345390;S
20240119;100522;2844.000000000;1;9445345852;B
20240119;100523;2844.000000000;14;9445345966;B
20240119;100523;2844.000000000;5;9445345967;B
20240119;100523;2844.500000000;11;9445345968;B
20240119;100525;2843.000000000;1;9445346226;S
20240119;100530;2843.000000000;4;9445346786;S
20240119;100530;2843.000000000;1;9445346787;S
20240119;100530;2843.000000000;3;9445346788;S
20240119;100544;2844.000000000;20;9445348560;B
20240119;100545;2843.000000000;7;9445348648;S
20240119;100545;2843.000000000;15;9445348649;S
20240119;100545;2844.000000000;2;9445348734;B
20240119;100545;2844.000000000;1;9445348735;B
20240119;100545;2844.000000000;5;9445348736;B
20240119;100545;2844.000000000;6;9445348737;B
20240119;100545;2844.500000000;56;9445348738;B
20240119;100546;2844.500000000;1;9445348823;B
20240119;100550;2844.000000000;5;9445349307;S
20240119;100551;2844.500000000;54;9445349622;B
20240119;100551;2844.500000000;5;9445349623;B
20240119;100552;2845.000000000;4;9445349819;B
20240119;100552;2845.500000000;1;9445349820;B
20240119;100552;2846.000000000;45;9445349821;B
20240119;100552;2844.500000000;17;9445349844;S
20240119;100553;2846.000000000;25;9445349977;B
20240119;100553;2846.500000000;15;9445349978;B
20240119;100553;2846.500000000;5;9445349979;B
20240119;100553;2847.500000000;5;9445349980;B
20240119;100558;2847.500000000;16;9445350461;B
20240119;100558;2847.500000000;5;9445350462;B
20240119;100558;2848.000000000;15;9445350463;B
20240119;100558;2848.000000000;13;9445350464;B
20240119;100558;2848.000000000;10;9445350465;B
20240119;100558;2848.000000000;30;9445350466;B
20240119;100559;2845.000000000;34;9445350663;S
20240119;100559;2845.000000000;108;9445350682;S
20240119;100559;2845.000000000;36;9445350683;S
20240119;100559;2845.000000000;5;9445350684;S
20240119;100559;2844.500000000;24;9445350685;S
20240119;100559;2844.500000000;29;9445350686;S
20240119;100559;2844.000000000;15;9445350687;S
20240119;100559;2844.000000000;1;9445350688;S
20240119;100559;2844.000000000;130;9445350689;S
20240119;100559;2843.000000000;32;9445350690;S
20240119;100600;2843.500000000;2;9445350766;S
20240119;100600;2843.000000000;1;9445350835;S
20240119;100601;2843.000000000;1;9445351001;S
20240119;100603;2845.500000000;1;9445351130;B
20240119;100604;2845.500000000;1;9445351313;B
20240119;100611;2843.500000000;2;9445351904;B
20240119;100611;2844.500000000;5;9445351905;B
20240119;100611;2845.000000000;2;9445351906;B
20240119;100614;2845.000000000;20;9445352333;B
20240119;100614;2845.000000000;36;9445352334;B
20240119;100614;2845.000000000;5;9445352335;B
20240119;100614;2845.500000000;19;9445352336;B
20240119;100626;2845.000000000;3;9445353437;B
20240119;100631;2845.000000000;5;9445354099;B
20240119;100635;2843.000000000;3;9445354743;S
20240119;100637;2843.000000000;48;9445354872;S
20240119;100637;2843.000000000;5;9445354873;S
20240119;100637;2843.000000000;2;9445354874;S
20240119;100637;2843.000000000;1;9445354875;S
20240119;100637;2843.000000000;44;9445354876;S
20240119;100637;2843.500000000;9;9445354899;B
20240119;100637;2845.000000000;1;9445354900;B
20240119;100637;2845.000000000;5;9445354901;B
20240119;100637;2845.500000000;35;9445354902;B
20240119;100646;2845.500000000;5;9445356003;B
20240119;100646;2845.500000000;5;9445356004;B
20240119;100652;2843.000000000;2;9445356638;S
20240119;100654;2844.500000000;1;9445356857;B
20240119;100658;2844.500000000;5;9445357288;B
20240119;100658;2845.000000000;28;9445357289;B
20240119;100658;2845.500000000;17;9445357290;B
20240119;100701;2845.000000000;5;9445357570;B
20240119;100702;2845.500000000;4;9445357602;B
20240119;100702;2843.500000000;17;9445357640;S
20240119;100708;2843.000000000;10;9445358385;S
20240119;100708;2843.000000000;20;9445358386;S
20240119;100710;2843.000000000;36;9445358554;S
20240119;100710;2843.000000000;2;9445358555;S
20240119;100710;2843.000000000;1;9445358556;S
20240119;100710;2843.000000000;5;9445358557;S
20240119;100710;2843.000000000;1;9445358659;B
20240119;100713;2842.500000000;5;9445358981;S
20240119;100714;2843.000000000;1;9445359030;B
20240119;100716;2843.000000000;2;9445359340;B
20240119;100716;2843.000000000;1;9445359355;B
20240119;100717;2843.000000000;1;9445359549;B
20240119;100722;2843.500000000;3;9445360097;B
20240119;100722;2843.000000000;40;9445360244;S
20240119;100722;2842.500000000;29;9445360245;S
20240119;100724;2842.000000000;3;9445360457;S
20240119;100724;2842.000000000;10;9445360458;S
20240119;100724;2842.000000000;1;9445360459;S
20240119;100726;2842.000000000;1;9445360807;B
20240119;100730;2841.500000000;10;9445361659;S
20240119;100731;2842.000000000;5;9445361933;B
20240119;100731;2842.500000000;2;9445361934;B
20240119;100733;2843.000000000;10;9445362142;S
20240119;100736;2843.500000000;5;9445362546;B
20240119;100738;2842.000000000;2;9445362724;S
20240119;100738;2842.000000000;28;9445362725;S
20240119;100738;2841.500000000;1;9445362726;S
20240119;100738;2841.500000000;1;9445362727;S
20240119;100738;2841.500000000;28;9445362728;S
20240119;100738;2841.500000000;5;9445362729;S
20240119;100738;2841.500000000;80;9445362818;B
20240119;100739;2841.500000000;40;9445362859;B
20240119;100739;2841.500000000;1;9445362917;B
20240119;100739;2841.500000000;4;9445362921;B
20240119;100739;2841.000000000;4;9445362963;S
20240119;100739;2841.000000000;1;9445362964;S
20240119;100739;2841.000000000;3;9445362965;S
20240119;100739;2841.000000000;12;9445362966;S
20240119;100740;2841.500000000;1;9445363023;B
20240119;100740;2841.000000000;9;9445363052;S
20240119;100740;2841.000000000;1;9445363053;S
20240119;100740;2841.000000000;4;9445363057;S
20240119;100740;2841.000000000;28;9445363058;S
20240119;100740;2841.000000000;3;9445363059;S
20240119;100741;2841.000000000;1;9445363107;S
20240119;100741;2841.000000000;7;9445363108;S
20240119;100743;2841.500000000;1;9445363424;B
20240119;100744;2841.500000000;8;9445363673;B
20240119;100744;2842.500000000;5;9445363674;B
20240119;100745;2842.500000000;2;9445363772;S
20240119;100753;2843.500000000;5;9445364726;B
20240119;100753;2843.500000000;5;9445364727;B
20240119;100754;2842.500000000;42;9445364765;S
20240119;100754;2842.000000000;28;9445364766;S
20240119;100754;2841.500000000;10;9445364767;S
20240119;100759;2842.500000000;10;9445365512;B
20240119;100759;2843.500000000;5;9445365513;B
20240119;100759;2844.000000000;1;9445365514;B
20240119;100759;2844.000000000;20;9445365515;B
20240119;100759;2844.000000000;5;9445365516;B
20240119;100759;2844.000000000;52;9445365517;B
20240119;100759;2844.500000000;160;9445365518;B
20240119;100759;2844.500000000;87;9445365519;B
20240119;100759;2845.000000000;5;9445365520;B
20240119;100759;2845.000000000;2;9445365521;B
20240119;100759;2845.000000000;3;9445365522;B
20240119;100759;2845.000000000;100;9445365523;B
20240119;100759;2845.000000000;170;9445365524;B
20240119;100759;2845.000000000;8;9445365525;B
20240119;100759;2845.500000000;29;9445365526;B
20240119;100759;2845.500000000;20;9445365527;B
20240119;100759;2845.500000000;5;9445365528;B
20240119;100759;2845.500000000;30;9445365529;B
20240119;100759;2845.500000000;28;9445365530;B
20240119;100759;2846.000000000;5;9445365531;B
20240119;100759;2846.000000000;200;9445365532;B
20240119;100759;2846.000000000;5;9445365533;B
20240119;100759;2846.000000000;30;9445365534;B
20240119;100759;2846.500000000;5;9445365535;B
20240119;100759;2847.000000000;500;9445365536;B
20240119;100759;2848.000000000;15;9445365537;B
20240119;100759;2847.500000000;28;9445365538;B
20240119;100759;2847.500000000;12;9445365539;B
20240119;100800;2847.500000000;7;9445365603;B
20240119;100805;2845.000000000;1;9445366387;S
20240119;100807;2847.000000000;4;9445366655;B
20240119;100809;2845.000000000;27;9445366962;S
20240119;100809;2844.500000000;5;9445366963;S
20240119;100809;2844.500000000;28;9445366964;S
20240119;100809;2844.500000000;2;9445366965;S
20240119;100809;2844.000000000;33;9445366966;S
20240119;100809;2843.500000000;105;9445366967;S
20240119;100813;2845.000000000;2;9445367740;B
20240119;100820;2843.000000000;1;9445368489;S
20240119;100823;2842.500000000;5;9445368685;S
20240119;100823;2842.500000000;5;9445368686;S
20240119;100823;2842.000000000;5;9445368687;S
20240119;100823;2842.000000000;10;9445368688;S
20240119;100825;2843.500000000;5;9445368968;B
20240119;100825;2843.500000000;5;9445368969;B
20240119;100825;2844.000000000;70;9445368970;B
20240119;100830;2843.000000000;2;9445369561;B
20240119;100831;2842.000000000;1;9445369577;S
20240119;100831;2842.000000000;5;9445369578;S
20240119;100831;2842.000000000;20;9445369579;S
20240119;100831;2841.500000000;4;9445369580;S
20240119;100833;2843.000000000;5;9445369729;B
20240119;100833;2843.000000000;3;9445369760;B
20240119;100835;2841.500000000;16;9445369941;S
20240119;100835;2841.500000000;27;9445369942;S
20240119;100835;2841.500000000;4;9445369943;S
20240119;100835;2841.500000000;1;9445369944;S
20240119;100835;2841.500000000;87;9445369945;S
20240119;100837;2841.500000000;6;9445370094;S
20240119;100837;2842.000000000;21;9445370161;B
20240119;100838;2841.500000000;7;9445370247;S
20240119;100838;2841.500000000;8;9445370248;S
20240119;100838;2841.500000000;5;9445370249;S
20240119;100838;2841.500000000;1;9445370250;S
20240119;100838;2841.500000000;9;9445370251;S
20240119;100840;2842.000000000;10;9445370367;B
20240119;100840;2841.500000000;10;9445370390;S
20240119;100842;2841.500000000;9;9445370602;S
20240119;100842;2841.500000000;1;9445370603;S
20240119;100842;2841.500000000;3;9445370635;S
20240119;100842;2841.500000000;4;9445370636;S
20240119;100842;2841.500000000;1;9445370637;S
20240119;100842;2841.500000000;5;9445370638;S
20240119;100845;2841.000000000;1;9445370980;S
20240119;100845;2841.000000000;98;9445370981;S
20240119;100845;2841.000000000;1;9445370982;S
20240119;100846;2841.500000000;1;9445371096;B
20240119;100847;2841.500000000;5;9445371178;B
20240119;100847;2841.000000000;1;9445371203;S
20240119;100848;2841.000000000;20;9445371315;S
20240119;100850;2841.500000000;1;9445371488;B
20240119;100850;2841.500000000;2;9445371500;S
20240119;100850;2841.500000000;3;9445371501;S
20240119;100854;2842.000000000;10;9445371939;B
20240119;100856;2841.500000000;1;9445372148;S
20240119;100856;2841.500000000;1;9445372149;S
20240119;100856;2841.500000000;3;9445372150;S
20240119;100857;2842.000000000;7;9445372210;B
20240119;100857;2842.000000000;5;9445372211;B
20240119;100858;2843.500000000;2;9445372339;B
20240119;100858;2844.000000000;1;9445372340;B
20240119;100858;2844.000000000;5;9445372341;B
20240119;100858;2844.000000000;2;9445372342;B
20240119;100859;2844.500000000;14;9445372381;B
20240119;100859;2842.000000000;1;9445372408;S
20240119;100859;2842.500000000;1;9445372418;S
20240119;100859;2842.500000000;3;9445372419;S
20240119;100907;2843.000000000;2;9445373118;B
20240119;100907;2843.000000000;2;9445373146;B
20240119;100907;2842.000000000;27;9445373147;S
20240119;100907;2842.000000000;3;9445373148;S
20240119;100909;2843.000000000;3;9445373249;B
20240119;100909;2843.500000000;5;9445373250;B
20240119;100909;2844.000000000;3;9445373251;B
20240119;100909;2844.500000000;10;9445373259;B
20240119;100913;2842.000000000;1;9445373711;S
20240119;100913;2842.000000000;1;9445373712;S
20240119;100913;2842.000000000;21;9445373713;S
20240119;100913;2842.000000000;5;9445373714;S
20240119;100913;2842.000000000;27;9445373715;S
20240119;100917;2842.000000000;40;9445374121;S
20240119;100917;2842.000000000;27;9445374122;S
20240119;100917;2842.000000000;5;9445374123;S
20240119;100917;2841.500000000;100;9445374124;S
20240119;100917;2841.500000000;5;9445374125;S
20240119;100917;2841.000000000;5;9445374126;S
20240119;100917;2841.000000000;20;9445374127;S
20240119;100917;2841.000000000;150;9445374128;S
20240119;100917;2841.000000000;28;9445374129;S
20240119;100917;2840.500000000;497;9445374130;S
20240119;100917;2840.500000000;3;9445374131;S
20240119;100917;2840.500000000;1;9445374132;S
20240119;100918;2840.000000000;3;9445374262;S
20240119;100918;2840.000000000;1;9445374263;S
20240119;100918;2840.000000000;2;9445374264;S
20240119;100918;2840.000000000;100;9445374265;S
20240119;100918;2840.000000000;315;9445374266;S
20240119;100918;2840.000000000;4;9445374267;S
20240119;100918;2840.000000000;1;9445374268;S
20240119;100918;2839.000000000;1;9445374269;S
20240119;100918;2839.000000000;2;9445374270;S
20240119;100918;2839.000000000;10;9445374271;S
20240119;100918;2838.500000000;4;9445374284;S
20240119;100918;2839.500000000;3;9445374285;B
20240119;100918;2838.000000000;17;9445374304;S
20240119;100918;2838.000000000;20;9445374305;S
20240119;100918;2838.000000000;1;9445374306;S
20240119;100918;2838.000000000;15;9445374307;S
20240119;100918;2838.000000000;1;9445374308;S
20240119;100918;2837.500000000;1;9445374309;S
20240119;100918;2837.500000000;25;9445374310;S
20240119;100919;2836.500000000;1;9445374370;S
20240119;100919;2836.500000000;5;9445374371;S
20240119;100919;2836.500000000;32;9445374372;S
20240119;100919;2836.000000000;1;9445374373;S
20240119;100919;2836.000000000;3;9445374374;S
20240119;100919;2836.000000000;28;9445374375;S
20240119;100919;2835.500000000;1;9445374376;S
20240119;100919;2835.500000000;4;9445374377;S
20240119;100919;2835.500000000;8;9445374378;S
20240119;100919;2835.500000000;3;9445374383;B
20240119;100920;2838.000000000;1;9445374422;B
20240119;100920;2836.000000000;16;9445374458;S
20240119;100920;2835.500000000;7;9445374459;S
20240119;100920;2835.500000000;30;9445374460;S
20240119;100920;2835.500000000;40;9445374461;S
20240119;100920;2835.500000000;5;9445374462;S
20240119;100920;2835.500000000;13;9445374463;S
20240119;100920;2835.000000000;50;9445374464;S
20240119;100920;2835.000000000;28;9445374465;S
20240119;100920;2834.500000000;1;9445374466;S
20240119;100920;2834.000000000;24;9445374467;S
20240119;100920;2833.500000000;1;9445374468;S
20240119;100920;2833.500000000;30;9445374469;S
20240119;100920;2833.000000000;1;9445374470;S
20240119;100920;2833.000000000;50;9445374471;S
20240119;100920;2833.000000000;6;9445374472;S
20240119;100921;2833.000000000;1;9445374582;S
20240119;100923;2836.000000000;1;9445374756;B
20240119;100925;2836.500000000;2;9445374997;B
20240119;100925;2837.000000000;7;9445374998;B
20240119;100926;2837.000000000;5;9445375077;B
20240119;100930;2838.000000000;1;9445375523;B
20240119;100931;2838.000000000;26;9445375541;S
20240119;100931;2837.500000000;24;9445375542;S
20240119;100931;2837.500000000;5;9445375543;S
20240119;100931;2836.500000000;5;9445375544;S
20240119;100931;2836.500000000;36;9445375545;S
20240119;100931;2836.000000000;10;9445375546;S
20240119;100931;2836.000000000;1;9445375547;S
20240119;100931;2836.000000000;15;9445375548;S
20240119;100931;2836.000000000;1;9445375549;S
20240119;100931;2835.500000000;10;9445375550;S
20240119;100931;2835.500000000;28;9445375551;S
20240119;100931;2835.500000000;3;9445375552;S
20240119;100931;2835.000000000;30;9445375553;S
20240119;100931;2835.000000000;6;9445375554;S
20240119;100932;2839.000000000;10;9445375643;B
20240119;100937;2837.000000000;1;9445376262;S
20240119;100937;2836.000000000;4;9445376263;S
20240119;100938;2838.500000000;10;9445376371;B
20240119;100939;2836.500000000;10;9445376503;S
20240119;100939;2836.000000000;2;9445376504;S
20240119;100940;2839.000000000;10;9445376641;S
20240119;100940;2839.500000000;8;9445376655;B
20240119;100941;2839.500000000;1;9445376703;B
20240119;100942;2836.500000000;10;9445376757;S
20240119;100942;2836.000000000;24;9445376758;S
20240119;100946;2839.500000000;1;9445377319;B
20240119;100946;2839.500000000;28;9445377342;B
20240119;100946;2839.500000000;108;9445377343;B
20240119;100946;2840.000000000;10;9445377344;B
20240119;100946;2840.000000000;4;9445377345;B
20240119;100948;2837.000000000;18;9445377599;S
20240119;100952;2840.000000000;1;9445378013;B
20240119;100953;2839.500000000;18;9445378116;B
20240119;100953;2840.000000000;77;9445378117;B
20240119;100953;2840.000000000;5;9445378118;B
20240119;100953;2840.000000000;5;9445378119;B
20240119;100959;2843.000000000;1;9445378750;B
20240119;100959;2843.500000000;1;9445378819;B
20240119;100959;2843.000000000;1;9445378820;S
20240119;101000;2843.000000000;22;9445378841;B
20240119;101000;2843.500000000;3;9445378842;B
20240119;101004;2843.500000000;1;9445379414;B
20240119;101014;2844.000000000;1;9445381164;B
20240119;101014;2844.000000000;3;9445381292;B
20240119;101014;2844.000000000;5;9445381293;B
20240119;101014;2844.500000000;5;9445381294;B
20240119;101014;2844.500000000;28;9445381295;B
20240119;101014;2845.000000000;3;9445381296;B
20240119;101014;2845.000000000;8;9445381297;B
20240119;101014;2845.000000000;48;9445381298;B
20240119;101016;2843.500000000;1;9445381586;S
20240119;101017;2843.500000000;1;9445381680;S
20240119;101018;2843.000000000;1;9445381728;S
20240119;101018;2843.000000000;1;9445381729;S
20240119;101018;2843.000000000;3;9445381730;S
20240119;101023;2843.500000000;1;9445382487;S
20240119;101025;2843.000000000;7;9445382738;S
20240119;101025;2843.000000000;1;9445382739;S
20240119;101025;2843.000000000;1;9445382740;S
20240119;101025;2841.500000000;1;9445382741;S
20240119;101025;2841.500000000;5;9445382742;S
20240119;101025;2841.000000000;1;9445382743;S
20240119;101025;2841.000000000;2;9445382744;S
20240119;101025;2840.500000000;36;9445382745;S
20240119;101025;2840.500000000;1;9445382746;S
20240119;101025;2840.500000000;50;9445382747;S
20240119;101025;2842.000000000;13;9445382819;S
20240119;101038;2842.000000000;7;9445384345;S
20240119;101038;2842.000000000;1;9445384346;S
20240119;101038;2841.500000000;53;9445384347;S
20240119;101040;2841.500000000;20;9445384485;S
20240119;101041;2843.000000000;2;9445384589;B
20240119;101041;2843.000000000;1;9445384624;B
20240119;101047;2843.000000000;1;9445385280;B
20240119;101047;2843.000000000;5;9445385281;B
20240119;101047;2843.000000000;1;9445385282;B
20240119;101047;2843.000000000;11;9445385283;B
20240119;101049;2844.000000000;50;9445385552;B
20240119;101050;2844.000000000;1;9445385688;B
20240119;101052;2842.500000000;1;9445385816;S
20240119;101052;2842.000000000;36;9445385817;S
20240119;101052;2842.000000000;5;9445385818;S
20240119;101052;2841.500000000;127;9445385819;S
20240119;101053;2841.500000000;1;9445385982;S
20240119;101059;2843.500000000;28;9445386685;S
20240119;101102;2843.000000000;175;9445387448;S
20240119;101103;2843.000000000;1;9445387648;S
20240119;101107;2843.000000000;182;9445388003;S
20240119;101107;2843.000000000;12;9445388004;S
20240119;101107;2843.000000000;2;9445388005;S
20240119;101110;2841.500000000;3;9445388254;S
20240119;101113;2841.500000000;2;9445388585;S
20240119;101113;2841.000000000;50;9445388586;S
20240119;101113;2841.000000000;2;9445388587;S
20240119;101119;2841.000000000;1;9445389391;S
20240119;101120;2841.000000000;1;9445389495;S
20240119;101120;2842.500000000;5;9445389499;B
20240119;101124;2842.500000000;36;9445390085;B
20240119;101124;2842.500000000;5;9445390086;B
20240119;101124;2843.000000000;10;9445390087;B
20240119;101124;2843.000000000;2;9445390088;B
20240119;101124;2843.000000000;30;9445390089;B
20240119;101124;2843.000000000;2;9445390090;B
20240119;101124;2843.000000000;5;9445390091;B
20240119;101124;2843.500000000;4;9445390092;B
20240119;101124;2844.000000000;10;9445390093;B
20240119;101124;2844.000000000;7;9445390094;B
20240119;101124;2844.000000000;51;9445390095;B
20240119;101124;2844.000000000;28;9445390096;B
20240119;101124;2844.500000000;2;9445390097;B
20240119;101124;2844.500000000;8;9445390098;B
20240119;101135;2843.000000000;5;9445391310;B
20240119;101136;2843.500000000;1;9445391457;B
20240119;101144;2843.500000000;1;9445392495;B
20240119;101147;2843.500000000;1;9445392800;B
20240119;101157;2843.500000000;1;9445394148;B
20240119;101157;2843.500000000;1;9445394153;B
20240119;101157;2843.500000000;9;9445394154;B
20240119;101159;2843.500000000;2;9445394284;B
20240119;101207;2842.500000000;50;9445395259;S
20240119;101216;2842.000000000;5;9445396954;B
20240119;101220;2842.500000000;1;9445397737;B
20240119;101229;2841.000000000;1;9445398609;S
20240119;101230;2842.000000000;6;9445398771;B
20240119;101230;2842.000000000;5;9445398772;B
20240119;101230;2842.500000000;35;9445398773;B
20240119;101230;2843.000000000;4;9445398774;B
20240119;101230;2843.000000000;28;9445398775;B
20240119;101230;2843.000000000;2;9445398776;B
20240119;101230;2843.000000000;55;9445398777;B
20240119;101230;2843.000000000;47;9445398778;S
20240119;101231;2842.500000000;25;9445398813;B
20240119;101236;2841.000000000;25;9445399526;S
20240119;101239;2841.000000000;9;9445400018;S
20240119;101239;2841.000000000;1;9445400019;S
20240119;101239;2840.500000000;40;9445400020;S
20240119;101241;2840.500000000;6;9445400264;S
20240119;101243;2842.000000000;1;9445400457;B
20240119;101246;2840.500000000;5;9445400758;S
20240119;101248;2842.000000000;1;9445400992;B
20240119;101251;2842.000000000;6;9445401351;B
20240119;101254;2841.000000000;2;9445401664;S
20240119;101254;2840.500000000;8;9445401665;S
20240119;101300;2841.000000000;1;9445402433;B
20240119;101302;2841.000000000;86;9445402669;B
20240119;101302;2841.000000000;28;9445402670;B
20240119;101302;2841.000000000;5;9445402671;B
20240119;101302;2842.000000000;30;9445402672;B
20240119;101302;2842.000000000;1;9445402673;B
20240119;101302;2842.500000000;17;9445402674;B
20240119;101302;2842.500000000;1;9445402675;B
20240119;101302;2842.500000000;5;9445402676;B
20240119;101302;2843.000000000;36;9445402677;B
20240119;101302;2843.500000000;1;9445402678;B
20240119;101302;2843.500000000;10;9445402679;B
20240119;101302;2843.500000000;28;9445402680;B
20240119;101302;2843.500000000;28;9445402681;B
20240119;101302;2844.000000000;210;9445402682;B
20240119;101302;2844.500000000;4;9445402683;B
20240119;101302;2844.500000000;30;9445402684;B
20240119;101302;2844.500000000;8;9445402685;B
20240119;101302;2844.500000000;57;9445402686;B
20240119;101302;2845.000000000;20;9445402687;B
20240119;101302;2845.000000000;2;9445402688;B
20240119;101302;2845.000000000;28;9445402689;B
20240119;101302;2845.000000000;365;9445402690;B
20240119;101302;2842.500000000;35;9445402694;B
20240119;101308;2843.000000000;50;9445403212;S
20240119;101311;2843.000000000;10;9445403440;S
20240119;101311;2842.500000000;28;9445403441;S
20240119;101311;2842.500000000;2;9445403442;S
20240119;101311;2842.500000000;36;9445403443;S
20240119;101311;2842.000000000;28;9445403444;S
20240119;101319;2841.500000000;1;9445404159;S
20240119;101326;2841.500000000;2;9445404954;S
20240119;101341;2842.000000000;5;9445406609;B
20240119;101341;2842.000000000;33;9445406610;B
20240119;101341;2841.000000000;2;9445406672;S
20240119;101341;2841.000000000;1;9445406673;S
20240119;101341;2841.000000000;1;9445406674;S
20240119;101341;2841.000000000;1;9445406675;S
20240119;101341;2841.000000000;4;9445406676;S
20240119;101346;2840.500000000;41;9445407329;S
20240119;101346;2840.500000000;100;9445407330;S
20240119;101349;2840.500000000;3;9445407759;B
20240119;101353;2840.500000000;8;9445408203;B
20240119;101355;2840.000000000;3;9445408393;S
20240119;101355;2840.000000000;5;9445408394;S
20240119;101356;2840.000000000;15;9445408479;S
20240119;101357;2840.000000000;80;9445408582;S
20240119;101357;2840.000000000;1;9445408583;S
20240119;101357;2840.000000000;50;9445408584;S
20240119;101357;2840.000000000;3;9445408585;S
20240119;101357;2840.000000000;1;9445408586;S
20240119;101357;2840.000000000;1;9445408587;S
20240119;101357;2840.000000000;164;9445408588;S
20240119;101357;2840.000000000;8;9445408589;S
20240119;101357;2840.000000000;3;9445408590;S
20240119;101357;2839.000000000;1;9445408591;S
20240119;101357;2839.000000000;1;9445408592;S
20240119;101400;2839.500000000;1;9445408816;B
20240119;101404;2838.000000000;7;9445409749;S
20240119;101404;2838.000000000;3;9445409750;S
20240119;101404;2837.000000000;1;9445409772;S
20240119;101404;2837.000000000;10;9445409773;S
20240119;101404;2837.000000000;8;9445409774;S
20240119;101404;2836.500000000;1;9445409775;S
20240119;101404;2836.500000000;1;9445409776;S
20240119;101404;2836.500000000;4;9445409777;S
20240119;101408;2836.500000000;8;9445410122;S
20240119;101408;2836.000000000;1;9445410123;S
20240119;101408;2836.000000000;31;9445410124;S
20240119;101408;2836.000000000;5;9445410125;S
20240119;101408;2835.500000000;100;9445410126;S
20240119;101408;2835.500000000;30;9445410127;S
20240119;101413;2836.500000000;1;9445410666;B
20240119;101415;2836.500000000;1;9445410832;B
20240119;101417;2836.500000000;16;9445411144;S
20240119;101417;2836.500000000;5;9445411145;S
20240119;101417;2836.000000000;1;9445411146;S
20240119;101417;2836.000000000;28;9445411147;S
20240119;101417;2837.500000000;1;9445411173;B
20240119;101423;2837.500000000;1;9445411837;B
20240119;101427;2837.500000000;1;9445412134;B
20240119;101429;2837.500000000;7;9445412352;B
20240119;101437;2837.500000000;1;9445413347;S
20240119;101437;2837.500000000;1;9445413348;S
20240119;101439;2837.000000000;10;9445413623;S
20240119;101448;2836.500000000;60;9445415410;S
20240119;101448;2836.000000000;5;9445415411;S
20240119;101448;2835.500000000;70;9445415412;S
20240119;101448;2835.500000000;28;9445415413;S
20240119;101448;2835.000000000;2;9445415414;S
20240119;101448;2835.000000000;35;9445415415;S
20240119;101450;2836.500000000;1;9445415645;B
20240119;101505;2836.500000000;3;9445417938;B
20240119;101506;2836.500000000;2;9445418071;B
20240119;101507;2836.500000000;3;9445418391;B
20240119;101508;2836.000000000;12;9445418592;S
20240119;101511;2836.500000000;5;9445419089;B
20240119;101513;2836.500000000;1;9445419524;B
20240119;101513;2836.500000000;19;9445419533;B
20240119;101513;2836.500000000;5;9445419534;B
20240119;101513;2837.000000000;11;9445419535;B
20240119;101515;2836.000000000;3;9445420105;S
20240119;101516;2836.000000000;14;9445420224;S
20240119;101516;2836.000000000;4;9445420225;S
20240119;101516;2836.500000000;1;9445420341;B
20240119;101518;2836.500000000;1;9445420802;B
20240119;101519;2836.500000000;4;9445420884;B
20240119;101524;2836.500000000;1;9445422163;B
20240119;101524;2836.000000000;3;9445422174;S
20240119;101527;2836.000000000;4;9445422837;S
20240119;101527;2836.000000000;1;9445422838;S
20240119;101527;2836.500000000;1;9445422878;B
20240119;101540;2836.500000000;3;9445425726;B
20240119;101542;2836.500000000;1;9445425952;B
20240119;101543;2836.000000000;1;9445426188;S
20240119;101543;2836.000000000;1;9445426189;S
20240119;101543;2835.500000000;12;9445426190;S
20240119;101543;2835.000000000;6;9445426191;S
20240119;101544;2835.000000000;1;9445426313;S
20240119;101545;2836.500000000;23;9445426637;B
20240119;101545;2836.500000000;33;9445426638;B
20240119;101545;2837.000000000;14;9445426639;B
20240119;101545;2837.000000000;50;9445426640;B
20240119;101550;2837.000000000;10;9445427624;S
20240119;101550;2837.000000000;5;9445427787;S
20240119;101551;2837.000000000;10;9445428013;S
20240119;101551;2837.000000000;10;9445428248;S
20240119;101551;2837.000000000;10;9445428433;S
20240119;101552;2837.000000000;5;9445428566;S
20240119;101552;2836.500000000;1;9445428567;S
20240119;101552;2836.500000000;4;9445428568;S
20240119;101552;2836.500000000;18;9445428571;S
20240119;101556;2835.000000000;165;9445430644;S
20240119;101556;2835.000000000;1;9445430645;S
20240119;101556;2835.000000000;10;9445430646;S
20240119;101557;2834.500000000;1;9445430909;S
20240119;101558;2835.500000000;4;9445431241;B
20240119;101558;2834.000000000;1;9445431273;S
20240119;101600;2834.500000000;2;9445431637;B
20240119;101601;2833.500000000;2;9445432161;S
20240119;101601;2833.000000000;3;9445432162;S
20240119;101601;2833.000000000;10;9445432163;S
20240119;101601;2833.000000000;6;9445432164;S
20240119;101601;2832.500000000;2;9445432165;S
20240119;101601;2832.500000000;77;9445432166;S
20240119;101603;2833.000000000;1;9445432444;B
20240119;101605;2832.500000000;23;9445432820;S
20240119;101605;2832.000000000;27;9445432821;S
20240119;101605;2832.500000000;3;9445432978;B
20240119;101605;2832.000000000;3;9445432995;S
20240119;101605;2832.000000000;15;9445432996;S
20240119;101605;2832.000000000;28;9445432997;S
20240119;101605;2831.500000000;4;9445432998;S
20240119;101606;2831.500000000;4;9445433120;S
20240119;101606;2831.000000000;60;9445433121;S
20240119;101606;2831.000000000;8;9445433122;S
20240119;101606;2830.500000000;20;9445433123;S
20240119;101606;2830.500000000;3;9445433124;S
20240119;101606;2830.000000000;1;9445433125;S
20240119;101606;2830.000000000;2;9445433126;S
20240119;101606;2830.000000000;1;9445433127;S
20240119;101606;2830.000000000;1;9445433128;S
20240119;101606;2830.500000000;2;9445433215;S
20240119;101606;2830.000000000;35;9445433216;S
20240119;101606;2830.000000000;1;9445433217;S
20240119;101606;2830.000000000;1;9445433218;S
20240119;101606;2830.000000000;10;9445433219;S
20240119;101606;2830.000000000;15;9445433220;S
20240119;101606;2830.000000000;1;9445433221;S
20240119;101606;2830.000000000;10;9445433222;S
20240119;101606;2830.000000000;3;9445433223;S
20240119;101606;2830.000000000;1;9445433224;S
20240119;101606;2830.000000000;20;9445433225;S
20240119;101606;2829.500000000;1;9445433226;S
20240119;101606;2829.500000000;5;9445433227;S
20240119;101606;2829.500000000;108;9445433228;S
20240119;101606;2829.000000000;4;9445433229;S
20240119;101606;2829.000000000;1;9445433230;S
20240119;101606;2829.000000000;106;9445433231;S
20240119;101606;2828.500000000;1;9445433232;S
20240119;101606;2828.500000000;1;9445433233;S
20240119;101606;2828.500000000;174;9445433234;S
20240119;101606;2828.000000000;1;9445433308;S
20240119;101606;2828.000000000;1;9445433309;S
20240119;101606;2828.000000000;3;9445433310;S
20240119;101606;2828.000000000;2;9445433322;S
20240119;101606;2828.000000000;1;9445433323;S
20240119;101607;2828.000000000;4;9445433361;S
20240119;101607;2827.500000000;2;9445433362;S
20240119;101607;2827.500000000;24;9445433363;S
20240119;101607;2827.000000000;1;9445433364;S
20240119;101607;2827.000000000;2;9445433365;S
20240119;101607;2827.000000000;1;9445433366;S
20240119;101607;2827.000000000;28;9445433367;S
20240119;101607;2826.500000000;20;9445433368;S
20240119;101607;2826.500000000;2;9445433369;S
20240119;101607;2826.500000000;1;9445433370;S
20240119;101607;2826.000000000;10;9445433371;S
20240119;101607;2826.000000000;22;9445433372;S
20240119;101607;2826.000000000;88;9445433373;S
20240119;101607;2825.500000000;1;9445433374;S
20240119;101607;2825.500000000;20;9445433375;S
20240119;101607;2825.500000000;36;9445433376;S
20240119;101607;2825.000000000;100;9445433377;S
20240119;101607;2825.000000000;2;9445433378;S
20240119;101607;2825.000000000;5;9445433379;S
20240119;101607;2825.000000000;2;9445433380;S
20240119;101607;2825.000000000;1;9445433381;S
20240119;101607;2825.000000000;1;9445433382;S
20240119;101607;2825.000000000;1;9445433383;S
20240119;101607;2825.000000000;2;9445433384;S
20240119;101607;2825.000000000;5;9445433385;S
20240119;101607;2825.000000000;1;9445433386;S
20240119;101607;2825.000000000;69;9445433387;S
20240119;101607;2825.000000000;2;9445433388;S
20240119;101607;2825.000000000;10;9445433389;S
20240119;101607;2825.000000000;2;9445433390;S
20240119;101607;2825.000000000;35;9445433391;S
20240119;101607;2828.000000000;1;9445433420;S
20240119;101607;2825.500000000;1;9445433424;S
20240119;101607;2825.500000000;30;9445433425;S
20240119;101607;2825.000000000;165;9445433426;S
20240119;101607;2825.000000000;2;9445433427;S
20240119;101607;2824.500000000;10;9445433428;S
20240119;101607;2824.500000000;292;9445433429;S
20240119;101607;2825.500000000;6;9445433458;S
20240119;101607;2827.000000000;1;9445433594;B
20240119;101608;2826.500000000;30;9445433805;S
20240119;101608;2826.000000000;2;9445433806;S
20240119;101608;2826.000000000;1;9445433807;S
20240119;101608;2826.000000000;7;9445433808;S
20240119;101610;2826.500000000;1;9445434248;S
20240119;101612;2826.500000000;25;9445434466;S
20240119;101612;2826.500000000;15;9445434598;S
20240119;101613;2826.500000000;75;9445434657;S
20240119;101613;2826.500000000;1;9445434760;S
20240119;101614;2826.500000000;1;9445434921;S
20240119;101615;2826.500000000;82;9445435062;S
20240119;101615;2826.500000000;5;9445435063;S
20240119;101615;2826.000000000;1;9445435139;S
20240119;101616;2826.000000000;5;9445435332;S
20240119;101617;2826.000000000;5;9445435534;S
20240119;101620;2826.500000000;1;9445436033;B
20240119;101620;2826.500000000;12;9445436062;B
20240119;101620;2826.500000000;5;9445436063;B
20240119;101621;2826.000000000;2;9445436266;S
20240119;101621;2826.500000000;4;9445436363;B
20240119;101624;2826.000000000;35;9445437025;S
20240119;101626;2826.500000000;6;9445437710;B
20240119;101627;2826.500000000;40;9445437818;S
20240119;101628;2827.000000000;1;9445438135;B
20240119;101630;2827.000000000;1;9445438456;B
20240119;101630;2827.000000000;3;9445438498;B
20240119;101630;2827.000000000;5;9445438499;B
20240119;101632;2826.500000000;4;9445439054;S
20240119;101632;2826.500000000;2;9445439055;S
20240119;101632;2826.000000000;43;9445439056;S
20240119;101632;2826.000000000;20;9445439057;S
20240119;101632;2826.000000000;28;9445439058;S
20240119;101632;2826.000000000;5;9445439059;S
20240119;101632;2825.500000000;7;9445439060;S
20240119;101632;2825.500000000;24;9445439061;S
20240119;101632;2825.000000000;1;9445439062;S
20240119;101632;2825.000000000;5;9445439063;S
20240119;101632;2825.000000000;1;9445439064;S
20240119;101632;2825.000000000;1;9445439065;S
20240119;101632;2825.000000000;1;9445439066;S
20240119;101632;2825.000000000;4;9445439067;S
20240119;101632;2825.000000000;5;9445439068;S
20240119;101632;2825.000000000;1;9445439069;S
20240119;101632;2825.000000000;24;9445439070;S
20240119;101632;2824.500000000;28;9445439071;S
20240119;101632;2824.000000000;2;9445439072;S
20240119;101632;2824.000000000;88;9445439073;S
20240119;101632;2824.000000000;6;9445439074;S
20240119;101632;2827.000000000;1;9445439159;B
20240119;101635;2825.000000000;5;9445439822;S
20240119;101635;2824.500000000;5;9445439823;S
20240119;101637;2824.500000000;3;9445440113;S
20240119;101641;2824.500000000;32;9445440787;S
20240119;101641;2824.000000000;4;9445440788;S
20240119;101641;2824.000000000;5;9445440789;S
20240119;101641;2824.000000000;5;9445440790;S
20240119;101641;2823.500000000;2;9445440791;S
20240119;101641;2823.500000000;1;9445440792;S
20240119;101641;2823.500000000;6;9445440793;S
20240119;101641;2823.500000000;74;9445440794;S
20240119;101641;2823.500000000;100;9445440838;S
20240119;101642;2823.500000000;16;9445440933;S
20240119;101642;2823.000000000;7;9445440934;S
20240119;101642;2823.000000000;24;9445440935;S
20240119;101642;2823.000000000;3;9445440936;S
20240119;101643;2823.500000000;36;9445441065;S
20240119;101643;2823.000000000;80;9445441066;S
20240119;101643;2823.000000000;44;9445441067;S
20240119;101643;2822.500000000;1;9445441068;S
20240119;101643;2822.500000000;1;9445441069;S
20240119;101643;2822.500000000;1;9445441070;S
20240119;101643;2822.500000000;1;9445441071;S
20240119;101643;2822.500000000;36;9445441072;S
20240119;101643;2823.000000000;3;9445441144;S
20240119;101644;2825.000000000;3;9445441197;B
20240119;101644;2823.000000000;3;9445441199;S
20240119;101644;2823.000000000;1;9445441200;S
20240119;101644;2823.000000000;18;9445441201;S
20240119;101644;2823.000000000;20;9445441202;S
20240119;101644;2822.500000000;5;9445441203;S
20240119;101644;2822.500000000;10;9445441204;S
20240119;101644;2822.500000000;36;9445441205;S
20240119;101644;2822.000000000;50;9445441206;S
20240119;101644;2822.000000000;1;9445441207;S
20240119;101644;2822.000000000;1;9445441208;S
20240119;101644;2822.000000000;28;9445441209;S
20240119;101644;2822.000000000;88;9445441210;S
20240119;101644;2822.000000000;76;9445441211;S
20240119;101644;2821.500000000;2;9445441212;S
20240119;101644;2821.500000000;10;9445441213;S
20240119;101644;2821.500000000;10;9445441214;S
20240119;101644;2821.500000000;5;9445441215;S
20240119;101644;2821.500000000;20;9445441216;S
20240119;101644;2821.500000000;1;9445441217;S
20240119;101644;2821.500000000;115;9445441218;S
20240119;101644;2822.000000000;5;9445441252;S
20240119;101644;2822.000000000;5;9445441253;S
20240119;101645;2822.000000000;5;9445441326;S
20240119;101645;2822.000000000;1;9445441336;S
20240119;101645;2823.500000000;1;9445441383;B
20240119;101645;2822.000000000;10;9445441698;S
20240119;101645;2822.000000000;1;9445441699;S
20240119;101645;2822.000000000;3;9445441700;S
20240119;101645;2822.000000000;15;9445441701;S
20240119;101645;2822.000000000;1;9445441702;S
20240119;101645;2822.000000000;7;9445441703;S
20240119;101645;2821.500000000;13;9445441704;S
20240119;101648;2822.500000000;2;9445442242;B
20240119;101648;2823.000000000;1;9445442243;B
20240119;101650;2821.500000000;50;9445442556;S
20240119;101655;2822.000000000;4;9445443312;S
20240119;101655;2821.500000000;6;9445443313;S
20240119;101655;2821.500000000;11;9445443333;S
20240119;101700;2823.500000000;1;9445444593;B
20240119;101700;2823.500000000;75;9445444708;B
20240119;101700;2823.500000000;4;9445444709;B
20240119;101703;2823.000000000;10;9445445691;S
20240119;101703;2823.000000000;5;9445445692;S
20240119;101704;2823.000000000;3;9445445911;S
20240119;101705;2823.500000000;1;9445446073;B
20240119;101706;2823.000000000;31;9445446169;S
20240119;101706;2823.000000000;1;9445446170;S
20240119;101706;2823.000000000;10;9445446171;S
20240119;101707;2823.000000000;5;9445446485;B
20240119;101709;2822.500000000;3;9445446775;S
20240119;101710;2823.500000000;1;9445447020;B
20240119;101712;2823.500000000;20;9445447316;B
20240119;101712;2823.500000000;5;9445447393;B
20240119;101717;2823.500000000;1;9445448628;B
20240119;101719;2823.500000000;5;9445448933;B
20240119;101719;2823.000000000;1;9445449041;S
20240119;101720;2823.500000000;5;9445449386;B
20240119;101723;2823.500000000;5;9445449952;B
20240119;101724;2823.500000000;1;9445449995;B
20240119;101724;2823.500000000;5;9445450012;B
20240119;101726;2823.500000000;5;9445450431;B
20240119;101728;2823.500000000;4;9445450782;B
20240119;101729;2823.500000000;44;9445450938;B
20240119;101729;2823.500000000;2;9445450939;B
20240119;101729;2823.500000000;5;9445450940;B
20240119;101729;2824.000000000;135;9445450941;B
20240119;101729;2825.000000000;5;9445450945;B
20240119;101729;2824.000000000;14;9445450986;S
20240119;101729;2823.500000000;5;9445450987;S
20240119;101729;2823.000000000;1;9445450988;S
20240119;101730;2825.000000000;5;9445451070;B
20240119;101730;2825.000000000;9;9445451111;B
20240119;101735;2823.500000000;2;9445452246;B
20240119;101735;2823.500000000;10;9445452274;B
20240119;101735;2823.500000000;1;9445452344;B
20240119;101735;2823.000000000;3;9445452349;S
20240119;101735;2823.000000000;2;9445452350;S
20240119;101735;2823.000000000;20;9445452351;S
20240119;101735;2823.000000000;16;9445452352;S
20240119;101735;2822.500000000;7;9445452353;S
20240119;101735;2822.500000000;2;9445452354;S
20240119;101735;2823.500000000;10;9445452386;B
20240119;101737;2823.000000000;5;9445453170;S
20240119;101737;2822.500000000;3;9445453171;S
20240119;101739;2822.500000000;31;9445453572;S
20240119;101739;2822.500000000;1;9445453573;S
20240119;101739;2822.500000000;3;9445453574;S
20240119;101741;2822.500000000;17;9445453906;S
20240119;101742;2822.500000000;10;9445454091;S
20240119;101743;2822.500000000;1;9445454372;S
20240119;101745;2822.500000000;15;9445454718;S
20240119;101750;2822.500000000;2;9445455792;S
20240119;101751;2823.000000000;1;9445455869;B
20240119;101755;2823.000000000;1;9445456575;B
20240119;101755;2823.000000000;5;9445456576;B
20240119;101756;2823.000000000;2;9445456608;S
20240119;101756;2823.000000000;12;9445456670;S
20240119;101802;2823.500000000;1;9445457831;B
20240119;101802;2823.500000000;10;9445458038;B
20240119;101803;2823.000000000;2;9445458055;S
20240119;101803;2823.500000000;1;9445458249;B
20240119;101804;2823.000000000;25;9445458339;S
20240119;101805;2823.000000000;1;9445458556;S
20240119;101806;2823.500000000;14;9445458682;B
20240119;101806;2825.000000000;6;9445458683;B
20240119;101808;2825.000000000;5;9445459081;B
20240119;101809;2824.000000000;5;9445459363;S
20240119;101809;2823.500000000;5;9445459364;B
20240119;101810;2825.000000000;10;9445459598;S
20240119;101814;2827.000000000;1;9445460414;B
20240119;101814;2827.000000000;49;9445460415;B
20240119;101815;2827.000000000;5;9445460490;B
20240119;101815;2827.000000000;50;9445460493;B
20240119;101821;2827.000000000;1;9445461892;B
20240119;101822;2826.500000000;3;9445461980;S
20240119;101825;2826.500000000;100;9445462688;S
20240119;101830;2826.500000000;40;9445463362;S
20240119;101833;2826.500000000;20;9445463815;S
20240119;101837;2827.000000000;10;9445464329;B
20240119;101837;2827.000000000;5;9445464330;B
20240119;101837;2827.000000000;1;9445464331;B
20240119;101837;2827.500000000;1;9445464332;B
20240119;101837;2827.500000000;5;9445464333;B
20240119;101839;2828.000000000;5;9445464550;B
20240119;101839;2828.000000000;5;9445464551;B
20240119;101839;2828.500000000;5;9445464552;B
20240119;101839;2828.500000000;20;9445464553;B
20240119;101846;2828.000000000;1;9445465370;S
20240119;101847;2828.500000000;12;9445465498;B
20240119;101847;2828.500000000;2;9445465513;B
20240119;101852;2828.500000000;1;9445466245;B
20240119;101854;2828.500000000;2;9445466467;B
20240119;101856;2828.500000000;15;9445466796;B
20240119;101856;2828.500000000;2;9445466797;B
20240119;101856;2828.500000000;5;9445466798;B
20240119;101856;2829.000000000;1;9445466799;B
20240119;101856;2829.000000000;99;9445466800;B
20240119;101856;2829.500000000;5;9445466801;B
20240119;101856;2830.000000000;45;9445466802;B
20240119;101856;2830.000000000;200;9445466803;B
20240119;101856;2830.000000000;400;9445466804;B
20240119;101856;2830.000000000;1;9445466805;B
20240119;101856;2830.000000000;88;9445466806;B
20240119;101856;2830.000000000;30;9445466807;B
20240119;101856;2830.000000000;95;9445466808;S
20240119;101856;2830.000000000;32;9445466812;S
20240119;101857;2830.500000000;5;9445466909;B
20240119;101857;2832.000000000;70;9445467000;B
20240119;101857;2832.000000000;10;9445467001;B
20240119;101857;2832.500000000;23;9445467002;B
20240119;101858;2832.500000000;2;9445467044;B
20240119;101858;2832.500000000;1;9445467097;B
20240119;101858;2832.500000000;2;9445467098;B
20240119;101858;2832.000000000;37;9445467108;S
20240119;101858;2832.000000000;5;9445467109;S
20240119;101858;2831.500000000;5;9445467110;S
20240119;101901;2832.000000000;1;9445467415;S
20240119;101902;2832.000000000;1;9445467507;S
20240119;101905;2832.500000000;15;9445467786;B
20240119;101909;2832.000000000;5;9445468622;S
20240119;101909;2832.000000000;1;9445468623;S
20240119;101909;2831.500000000;9;9445468624;S
20240119;101909;2831.500000000;14;9445468625;S
20240119;101921;2832.000000000;2;9445470131;S
20240119;101927;2831.500000000;1;9445471358;S
20240119;101927;2831.500000000;1;9445471359;S
20240119;101928;2832.000000000;2;9445471489;B
20240119;101928;2832.000000000;5;9445471490;B
20240119;101928;2832.500000000;3;9445471491;B
20240119;101942;2831.500000000;1;9445473023;S
20240119;101944;2832.500000000;7;9445473243;B
20240119;101944;2832.500000000;3;9445473244;B
20240119;101957;2831.500000000;17;9445474506;S
20240119;102005;2833.000000000;5;9445475888;B
20240119;102005;2833.000000000;2;9445475889;B
20240119;102007;2832.000000000;5;9445476114;S
20240119;102014;2832.000000000;5;9445476986;S
20240119;102014;2831.500000000;21;9445476987;S
20240119;102014;2831.500000000;2;9445476988;S
20240119;102014;2831.500000000;5;9445476989;S
20240119;102014;2831.500000000;13;9445476990;S
20240119;102014;2831.500000000;10;9445476991;S
20240119;102014;2831.000000000;50;9445476992;S
20240119;102014;2830.500000000;75;9445476993;S
20240119;102014;2830.500000000;1;9445476994;S
20240119;102014;2830.500000000;1;9445476995;S
20240119;102014;2830.000000000;109;9445476996;S
20240119;102016;2832.000000000;1;9445477276;B
20240119;102016;2832.000000000;2;9445477277;B
20240119;102030;2832.000000000;1;9445479532;B
20240119;102031;2832.000000000;5;9445479807;B
20240119;102032;2832.000000000;1;9445480009;B
20240119;102034;2832.000000000;2;9445480231;B
20240119;102034;2832.000000000;20;9445480247;B
20240119;102036;2831.500000000;1;9445480455;S
20240119;102036;2831.000000000;3;9445480456;S
20240119;102041;2831.000000000;5;9445481056;S
20240119;102043;2831.500000000;2;9445481340;B
20240119;102045;2832.000000000;4;9445481573;B
20240119;102045;2832.500000000;2;9445481574;B
20240119;102045;2833.000000000;1;9445481575;B
20240119;102101;2833.000000000;49;9445483428;B
20240119;102101;2833.000000000;110;9445483429;B
20240119;102101;2833.000000000;200;9445483430;B
20240119;102102;2834.500000000;2;9445483495;B
20240119;102102;2835.000000000;5;9445483496;B
20240119;102102;2835.500000000;10;9445483497;B
20240119;102102;2836.000000000;18;9445483498;B
20240119;102102;2836.000000000;6;9445483533;B
20240119;102104;2834.000000000;1;9445483910;S
20240119;102107;2836.000000000;1;9445484301;B
20240119;102108;2836.000000000;1;9445484489;B
20240119;102112;2836.000000000;3;9445485035;B
20240119;102112;2836.000000000;4;9445485107;B
20240119;102117;2834.500000000;6;9445485573;S
20240119;102117;2834.000000000;10;9445485574;S
20240119;102117;2834.000000000;9;9445485575;S
20240119;102117;2833.500000000;36;9445485576;S
20240119;102117;2833.000000000;12;9445485577;S
20240119;102120;2833.500000000;15;9445485871;S
20240119;102125;2834.000000000;8;9445486475;B
20240119;102128;2834.000000000;8;9445486656;B
20240119;102128;2834.000000000;2;9445486685;B
20240119;102129;2834.000000000;12;9445486839;B
20240119;102130;2834.000000000;1;9445486874;S
20240119;102133;2834.500000000;3;9445487176;B
20240119;102133;2834.500000000;2;9445487177;B
20240119;102136;2834.500000000;1;9445487521;B
20240119;102136;2834.500000000;1;9445487522;B
20240119;102141;2834.500000000;2;9445488049;B
20240119;102141;2834.500000000;50;9445488050;B
20240119;102141;2834.500000000;5;9445488051;B
20240119;102142;2835.000000000;3;9445488128;B
20240119;102142;2836.000000000;47;9445488129;B
20240119;102143;2835.000000000;1;9445488274;S
20240119;102144;2835.000000000;8;9445488301;S
20240119;102147;2835.500000000;1;9445488529;B
20240119;102149;2835.500000000;6;9445488739;B
20240119;102149;2836.000000000;4;9445488740;B
20240119;102149;2836.000000000;1;9445488751;B
20240119;102149;2835.000000000;1;9445488761;S
20240119;102158;2835.500000000;6;9445489691;B
20240119;102158;2836.000000000;4;9445489692;B
20240119;102203;2835.500000000;6;9445490158;B
20240119;102203;2835.500000000;4;9445490159;B
20240119;102206;2836.000000000;135;9445490489;B
20240119;102206;2836.000000000;65;9445490490;B
20240119;102206;2836.000000000;23;9445490491;B
20240119;102206;2836.000000000;3;9445490492;B
20240119;102206;2836.000000000;8;9445490493;B
20240119;102206;2836.000000000;26;9445490494;B
20240119;102212;2836.500000000;6;9445491108;B
20240119;102213;2837.000000000;24;9445491150;B
20240119;102214;2837.000000000;10;9445491270;S
20240119;102216;2837.000000000;5;9445491481;S
20240119;102224;2837.500000000;1;9445492239;B
20240119;102224;2837.500000000;6;9445492240;B
20240119;102224;2837.500000000;11;9445492294;S
20240119;102227;2838.500000000;1;9445492588;B
20240119;102227;2838.500000000;9;9445492589;B
20240119;102228;2838.500000000;10;9445492676;B
20240119;102228;2838.500000000;55;9445492690;B
20240119;102228;2838.500000000;6;9445492691;B
20240119;102228;2839.000000000;1;9445492692;B
20240119;102228;2839.000000000;88;9445492693;B
20240119;102228;2839.000000000;8;9445492694;B
20240119;102228;2839.500000000;1;9445492695;B
20240119;102228;2839.500000000;28;9445492696;B
20240119;102228;2840.000000000;2;9445492697;B
20240119;102228;2840.000000000;3;9445492698;B
20240119;102228;2840.000000000;11;9445492699;B
20240119;102228;2840.000000000;9;9445492700;B
20240119;102228;2840.000000000;10;9445492701;B
20240119;102228;2840.000000000;10;9445492702;B
20240119;102228;2840.000000000;2;9445492703;B
20240119;102228;2840.000000000;45;9445492704;B
20240119;102228;2840.500000000;108;9445492705;B
20240119;102228;2841.000000000;13;9445492706;B
20240119;102229;2840.000000000;1;9445492790;B
20240119;102231;2838.500000000;2;9445492939;S
20240119;102241;2838.500000000;38;9445494135;S
20240119;102245;2837.500000000;4;9445494451;S
20240119;102246;2837.500000000;16;9445494489;S
20240119;102251;2838.000000000;2;9445495048;S
20240119;102252;2838.500000000;1;9445495122;B
20240119;102252;2837.500000000;1;9445495140;S
20240119;102252;2838.500000000;11;9445495145;B
20240119;102252;2838.500000000;36;9445495146;B
20240119;102252;2838.500000000;3;9445495147;B
20240119;102253;2837.500000000;14;9445495280;S
20240119;102255;2836.000000000;1;9445495476;S
20240119;102255;2835.500000000;5;9445495477;S
20240119;102255;2835.500000000;30;9445495478;S
20240119;102255;2835.000000000;15;9445495479;S
20240119;102255;2835.000000000;40;9445495480;S
20240119;102255;2835.000000000;2;9445495481;S
20240119;102255;2834.500000000;27;9445495482;S
20240119;102257;2836.500000000;8;9445495563;B
20240119;102304;2835.500000000;4;9445496310;B
20240119;102306;2835.000000000;1;9445496458;B
20240119;102306;2835.500000000;32;9445496459;B
20240119;102306;2835.500000000;20;9445496460;B
20240119;102306;2836.000000000;200;9445496461;B
20240119;102306;2836.000000000;28;9445496462;B
20240119;102306;2836.000000000;19;9445496463;B
20240119;102307;2835.500000000;2;9445496682;B
20240119;102312;2836.000000000;1;9445497109;S
20240119;102314;2836.000000000;2;9445497394;S
20240119;102316;2837.000000000;1;9445497552;B
20240119;102320;2836.500000000;1;9445498022;B
20240119;102321;2836.000000000;10;9445498160;S
20240119;102325;2836.500000000;9;9445498790;B
20240119;102325;2836.000000000;26;9445498791;S
20240119;102326;2837.000000000;1;9445498973;B
20240119;102333;2836.000000000;261;9445499651;S
20240119;102333;2836.000000000;22;9445499652;S
20240119;102335;2836.500000000;5;9445499940;B
20240119;102338;2835.000000000;2;9445500214;S
20240119;102338;2835.000000000;3;9445500215;S
20240119;102340;2835.000000000;1;9445500545;B
20240119;102341;2835.000000000;2;9445500608;B
20240119;102341;2835.000000000;1;9445500614;B
20240119;102342;2835.000000000;1;9445500744;B
20240119;102342;2835.500000000;2;9445500745;B
20240119;102342;2836.000000000;1;9445500746;B
20240119;102356;2836.000000000;1;9445502069;B
20240119;102357;2836.000000000;15;9445502209;B
20240119;102358;2835.000000000;10;9445502489;S
20240119;102404;2836.000000000;1;9445503423;B
20240119;102404;2836.000000000;1;9445503487;B
20240119;102405;2836.000000000;10;9445503580;B
20240119;102405;2836.000000000;5;9445503675;B
20240119;102409;2835.000000000;5;9445504069;S
20240119;102409;2835.000000000;1;9445504070;S
20240119;102409;2835.000000000;13;9445504071;S
20240119;102416;2835.000000000;1;9445504913;S
20240119;102416;2834.500000000;130;9445504914;S
20240119;102416;2834.500000000;10;9445504915;S
20240119;102416;2834.500000000;6;9445504916;S
20240119;102416;2834.500000000;10;9445504917;S
20240119;102416;2834.500000000;6;9445504918;S
20240119;102416;2834.000000000;10;9445504919;S
20240119;102416;2834.000000000;1;9445504920;S
20240119;102416;2833.500000000;11;9445504921;S
20240119;102416;2833.000000000;1;9445504922;S
20240119;102416;2833.000000000;20;9445504923;S
20240119;102416;2833.000000000;20;9445504924;S
20240119;102416;2833.000000000;28;9445504925;S
20240119;102416;2833.000000000;8;9445504926;S
20240119;102416;2832.500000000;40;9445504927;S
20240119;102416;2832.500000000;50;9445504928;S
20240119;102416;2832.500000000;50;9445504929;S
20240119;102416;2832.000000000;10;9445504930;S
20240119;102416;2832.000000000;1;9445504931;S
20240119;102416;2832.000000000;30;9445504932;S
20240119;102416;2831.500000000;8;9445504933;S
20240119;102416;2831.000000000;1;9445504934;S
20240119;102416;2831.000000000;3;9445504935;S
20240119;102416;2831.000000000;1;9445504936;S
20240119;102416;2831.000000000;8;9445504937;S
20240119;102416;2831.000000000;51;9445504938;S
20240119;102416;2830.500000000;1;9445504939;S
20240119;102416;2830.500000000;1;9445504940;S
20240119;102416;2830.500000000;10;9445504941;S
20240119;102416;2830.500000000;36;9445504942;S
20240119;102416;2830.500000000;88;9445504943;S
20240119;102416;2830.500000000;28;9445504944;S
20240119;102416;2830.000000000;121;9445504945;S
20240119;102433;2833.500000000;1;9445506716;B
20240119;102446;2832.000000000;1;9445508184;B
20240119;102447;2831.000000000;1;9445508351;S
20240119;102451;2831.000000000;1;9445509367;S
20240119;102451;2831.000000000;6;9445509368;S
20240119;102507;2831.000000000;1;9445511018;S
20240119;102507;2831.000000000;6;9445511019;S
20240119;102507;2830.500000000;8;9445511020;S
20240119;102507;2830.500000000;25;9445511021;S
20240119;102508;2832.500000000;1;9445511173;B
20240119;102518;2831.000000000;5;9445512327;S
20240119;102522;2831.000000000;1;9445512633;B
20240119;102522;2831.500000000;1;9445512634;B
20240119;102522;2832.000000000;2;9445512635;B
20240119;102531;2830.500000000;1;9445513756;S
20240119;102531;2830.500000000;1;9445513757;S
20240119;102531;2830.500000000;1;9445513758;S
20240119;102531;2830.500000000;2;9445513759;S
20240119;102536;2831.500000000;1;9445514267;B
20240119;102540;2830.500000000;13;9445514662;S
20240119;102540;2830.500000000;1;9445514663;S
20240119;102540;2830.000000000;57;9445514664;S
20240119;102540;2831.500000000;19;9445514735;B
20240119;102541;2830.500000000;6;9445514812;S
20240119;102544;2831.500000000;1;9445515127;B
20240119;102558;2830.500000000;10;9445516438;S
20240119;102600;2831.500000000;1;9445516614;B
20240119;102609;2831.000000000;5;9445517539;B
20240119;102611;2831.000000000;1;9445517726;B
20240119;102611;2831.000000000;10;9445517785;B
20240119;102616;2831.000000000;1;9445518296;B
20240119;102624;2831.000000000;36;9445519091;S
20240119;102624;2831.000000000;3;9445519092;S
20240119;102624;2830.500000000;1;9445519093;S
20240119;102624;2832.000000000;10;9445519119;B
20240119;102626;2832.000000000;10;9445519402;B
20240119;102629;2831.500000000;1;9445519767;S
20240119;102633;2832.000000000;6;9445520227;B
20240119;102649;2832.000000000;16;9445521862;B
20240119;102655;2831.000000000;2;9445522659;S
20240119;102655;2831.000000000;36;9445522660;S
20240119;102655;2831.000000000;2;9445522661;S
20240119;102655;2830.500000000;17;9445522670;S
20240119;102659;2830.500000000;9;9445523010;S
20240119;102659;2830.500000000;1;9445523037;S
20240119;102700;2831.000000000;1;9445523080;B
20240119;102703;2831.000000000;1;9445523546;B
20240119;102705;2830.500000000;12;9445523772;S
20240119;102705;2830.500000000;50;9445523773;S
20240119;102705;2830.500000000;38;9445523774;S
20240119;102708;2831.000000000;1;9445524091;B
20240119;102713;2831.000000000;8;9445524516;B
20240119;102715;2830.500000000;12;9445525002;S
20240119;102715;2830.500000000;11;9445525003;S
20240119;102715;2830.500000000;25;9445525004;S
20240119;102715;2830.500000000;1;9445525005;S
20240119;102715;2830.000000000;651;9445525006;S
20240119;102737;2830.500000000;10;9445528820;S
20240119;102737;2830.000000000;67;9445528821;S
20240119;102737;2830.000000000;20;9445528822;S
20240119;102737;2830.000000000;1;9445528823;S
20240119;102737;2830.000000000;1;9445528824;S
20240119;102737;2830.000000000;100;9445528825;S
20240119;102737;2830.000000000;1;9445528826;S
20240119;102737;2830.000000000;2;9445528851;S
20240119;102737;2830.000000000;100;9445528852;S
20240119;102737;2830.000000000;98;9445528853;S
20240119;102737;2830.000000000;2;9445528908;S
20240119;102737;2830.000000000;2;9445528909;S
20240119;102737;2830.000000000;1;9445528910;S
20240119;102737;2830.000000000;50;9445528911;S
20240119;102737;2830.000000000;2;9445528912;S
20240119;102737;2830.000000000;143;9445528913;S
20240119;102737;2830.000000000;200;9445528944;S
20240119;102737;2830.500000000;1;9445528947;B
20240119;102737;2830.000000000;10;9445528962;S
20240119;102737;2830.000000000;1;9445528963;S
20240119;102737;2830.000000000;1;9445528964;S
20240119;102737;2830.000000000;1;9445528965;S
20240119;102737;2830.000000000;1;9445528966;S
20240119;102737;2830.000000000;1;9445528967;S
20240119;102737;2830.000000000;1;9445528968;S
20240119;102737;2830.000000000;1;9445528969;S
20240119;102737;2830.000000000;1;9445528970;S
20240119;102737;2830.000000000;1;9445528971;S
20240119;102737;2830.000000000;1;9445528972;S
20240119;102737;2830.000000000;1;9445528973;S
20240119;102737;2830.000000000;1;9445528974;S
20240119;102737;2830.000000000;3;9445528975;S
20240119;102737;2830.000000000;2;9445528976;S
20240119;102737;2830.000000000;1;9445528977;S
20240119;102737;2830.000000000;1;9445528978;S
20240119;102737;2830.000000000;1;9445528979;S
20240119;102737;2830.000000000;3;9445528980;S
20240119;102737;2830.000000000;2;9445528981;S
20240119;102737;2830.000000000;1;9445528982;S
20240119;102737;2830.000000000;1;9445528983;S
20240119;102737;2830.000000000;1;9445528984;S
20240119;102737;2830.000000000;3;9445528985;S
20240119;102737;2830.000000000;2;9445528986;S
20240119;102737;2830.000000000;3;9445528987;S
20240119;102737;2830.000000000;2;9445528988;S
20240119;102737;2830.000000000;2;9445528989;S
20240119;102737;2830.000000000;1;9445528990;S
20240119;102737;2830.000000000;50;9445528991;S
20240119;102737;2830.000000000;1;9445528992;S
20240119;102737;2830.000000000;1;9445528993;S
20240119;102737;2829.500000000;1;9445528994;S
20240119;102737;2829.500000000;10;9445528995;S
20240119;102750;2829.500000000;2;9445531130;B
20240119;102752;2829.000000000;25;9445531436;S
20240119;102752;2829.000000000;1;9445531437;S
20240119;102752;2829.000000000;1;9445531438;S
20240119;102752;2829.000000000;13;9445531439;S
20240119;102752;2829.000000000;28;9445531440;S
20240119;102800;2829.000000000;1;9445532399;B
20240119;102800;2829.000000000;9;9445532400;B
20240119;102801;2828.500000000;1;9445532440;S
20240119;102801;2828.500000000;1;9445532441;S
20240119;102801;2828.500000000;1;9445532442;S
20240119;102801;2828.500000000;4;9445532443;S
20240119;102802;2829.000000000;1;9445532562;B
20240119;102811;2828.500000000;1;9445533438;S
20240119;102811;2828.000000000;2;9445533439;S
20240119;102811;2828.000000000;1;9445533440;S
20240119;102811;2828.000000000;1;9445533441;S
20240119;102819;2829.000000000;24;9445534543;B
20240119;102820;2828.500000000;5;9445534711;S
20240119;102822;2830.000000000;5;9445534861;B
20240119;102822;2830.000000000;1;9445534862;B
20240119;102830;2829.500000000;1;9445535680;B
20240119;102830;2830.000000000;4;9445535681;B
20240119;102838;2830.000000000;5;9445537251;B
20240119;102847;2829.500000000;1;9445538642;B
20240119;102854;2829.000000000;4;9445539439;S
20240119;102900;2830.000000000;2;9445540034;B
20240119;102903;2829.000000000;1;9445540437;S
20240119;102903;2829.000000000;1;9445540438;S
20240119;102903;2829.000000000;3;9445540439;S
20240119;102905;2830.000000000;14;9445540680;B
20240119;102905;2830.000000000;50;9445540681;B
20240119;102905;2831.000000000;24;9445540682;B
20240119;102905;2831.000000000;4;9445540683;B
20240119;102906;2831.500000000;3;9445540865;S
20240119;102916;2833.000000000;1;9445542470;B
20240119;102916;2832.000000000;1;9445542477;S
20240119;102916;2832.000000000;24;9445542478;B
20240119;102926;2833.000000000;1;9445543413;B
20240119;102926;2833.000000000;4;9445543414;B
20240119;102926;2833.000000000;5;9445543415;B
20240119;102927;2833.500000000;5;9445543468;B
20240119;102939;2833.000000000;10;9445544827;B
20240119;102939;2833.500000000;1;9445544828;B
20240119;102943;2834.000000000;6;9445545169;S
20240119;102944;2832.500000000;4;9445545308;S
20240119;102944;2832.500000000;2;9445545309;S
20240119;102946;2834.500000000;1;9445545417;B
20240119;102954;2834.500000000;9;9445546273;B
20240119;102954;2834.500000000;2;9445546274;B
20240119;102954;2834.500000000;58;9445546275;B
20240119;102954;2835.000000000;200;9445546276;B
20240119;102954;2835.000000000;4;9445546277;B
20240119;102954;2835.000000000;8;9445546278;B
20240119;102954;2835.500000000;24;9445546279;B
20240119;102955;2835.500000000;8;9445546320;B
20240119;102955;2835.500000000;7;9445546321;B
20240119;102956;2835.500000000;1;9445546420;S
20240119;102956;2836.000000000;10;9445546427;B
20240119;102957;2836.000000000;6;9445546456;B
20240119;102957;2836.000000000;35;9445546517;B
20240119;103002;2835.500000000;1;9445547082;S
20240119;103003;2835.500000000;4;9445547254;S
20240119;103003;2835.500000000;40;9445547362;S
20240119;103004;2835.500000000;224;9445547465;S
20240119;103004;2835.000000000;7;9445547466;S
20240119;103004;2833.500000000;8;9445547467;S
20240119;103004;2833.500000000;28;9445547468;S
20240119;103004;2833.000000000;52;9445547469;S
20240119;103004;2832.500000000;1;9445547470;S
20240119;103004;2832.500000000;30;9445547471;S
20240119;103004;2832.500000000;30;9445547472;S
20240119;103004;2832.000000000;1;9445547473;S
20240119;103004;2832.000000000;5;9445547474;S
20240119;103004;2832.000000000;108;9445547475;S
20240119;103004;2832.000000000;36;9445547476;S
20240119;103004;2831.500000000;1;9445547477;S
20240119;103004;2831.500000000;4;9445547478;S
20240119;103004;2831.500000000;28;9445547479;S
20240119;103004;2831.500000000;5;9445547480;S
20240119;103008;2833.000000000;4;9445547824;B
20240119;103011;2830.500000000;36;9445548151;S
20240119;103011;2830.500000000;10;9445548152;S
20240119;103011;2830.000000000;136;9445548153;S
20240119;103011;2830.000000000;7;9445548154;S
20240119;103011;2829.500000000;11;9445548155;S
20240119;103016;2832.000000000;1;9445548646;B
20240119;103019;2829.500000000;5;9445548946;B
20240119;103020;2832.500000000;30;9445549075;B
20240119;103020;2832.500000000;7;9445549076;B
20240119;103020;2833.000000000;108;9445549077;B
20240119;103020;2833.500000000;8;9445549078;B
20240119;103020;2833.500000000;3;9445549079;B
20240119;103020;2833.500000000;20;9445549080;B
20240119;103028;2833.000000000;1;9445550066;B
20240119;103028;2833.500000000;7;9445550067;B
20240119;103028;2834.000000000;30;9445550068;B
20240119;103028;2834.000000000;22;9445550069;B
20240119;103034;2834.000000000;1;9445550788;B
20240119;103107;2833.000000000;6;9445555019;B
20240119;103107;2833.500000000;11;9445555020;B
20240119;103110;2831.500000000;1;9445555436;S
20240119;103110;2831.500000000;10;9445555462;B
20240119;103115;2831.000000000;1;9445556177;B
20240119;103115;2831.000000000;6;9445556178;B
20240119;103115;2831.500000000;2;9445556179;B
20240119;103123;2831.000000000;1;9445558427;B
20240119;103124;2831.000000000;9;9445558686;B
20240119;103124;2831.000000000;30;9445558687;B
20240119;103124;2831.000000000;6;9445558688;B
20240119;103124;2831.500000000;127;9445558689;B
20240119;103140;2831.000000000;2;9445563053;B
20240119;103146;2831.000000000;1;9445565664;B
20240119;103150;2831.000000000;1;9445566440;B
20240119;103150;2831.000000000;6;9445566441;B
20240119;103150;2831.500000000;13;9445566442;B
20240119;103159;2831.000000000;1;9445568767;B
20240119;103203;2830.500000000;20;9445570830;B
20240119;103203;2830.000000000;30;9445571223;S
20240119;103203;2830.000000000;1;9445571224;S
20240119;103203;2830.000000000;1;9445571225;S
20240119;103203;2830.000000000;1;9445571226;S
20240119;103203;2830.000000000;14;9445571227;S
20240119;103203;2830.000000000;5;9445571228;S
20240119;103203;2830.000000000;17;9445571229;S
20240119;103203;2830.000000000;3;9445571230;S
20240119;103203;2830.000000000;6;9445571231;S
20240119;103204;2828.000000000;12;9445571853;S
20240119;103205;2828.000000000;44;9445572327;S
20240119;103213;2828.000000000;1;9445574727;S
20240119;103213;2828.000000000;1;9445574816;S
20240119;103214;2828.000000000;3;9445575152;S
20240119;103218;2828.000000000;1;9445576067;S
20240119;103219;2828.000000000;5;9445576327;S
20240119;103220;2828.000000000;9;9445576615;S
20240119;103223;2829.000000000;20;9445577221;B
20240119;103224;2828.000000000;24;9445577789;S
20240119;103224;2828.000000000;1;9445577790;S
20240119;103224;2828.000000000;1;9445577791;S
20240119;103224;2828.000000000;1;9445577792;S
20240119;103224;2827.500000000;48;9445577793;S
20240119;103224;2827.500000000;1;9445577794;S
20240119;103224;2827.500000000;1;9445577795;S
20240119;103224;2827.500000000;5;9445577796;S
20240119;103224;2827.500000000;19;9445577797;S
20240119;103225;2828.000000000;74;9445578060;S
20240119;103225;2827.500000000;26;9445578061;S
20240119;103227;2829.000000000;1;9445578668;B
20240119;103228;2828.000000000;1;9445578789;S
20240119;103230;2827.500000000;20;9445579277;S
20240119;103232;2827.500000000;10;9445579785;S
20240119;103232;2827.000000000;46;9445579786;S
20240119;103238;2827.000000000;10;9445581660;S
20240119;103238;2827.000000000;10;9445581831;S
20240119;103238;2827.000000000;34;9445581832;S
20240119;103238;2827.000000000;1;9445581833;S
20240119;103238;2827.000000000;5;9445581834;S
20240119;103238;2827.000000000;100;9445581835;S
20240119;103238;2826.500000000;1;9445581836;S
20240119;103238;2826.500000000;2;9445581837;S
20240119;103239;2826.500000000;3;9445582089;S
20240119;103239;2826.500000000;1;9445582090;S
20240119;103239;2826.000000000;12;9445582091;S
20240119;103239;2826.000000000;35;9445582092;S
20240119;103239;2825.500000000;70;9445582093;S
20240119;103239;2825.500000000;10;9445582094;S
20240119;103239;2825.500000000;6;9445582095;S
20240119;103239;2825.000000000;20;9445582096;S
20240119;103239;2825.000000000;1;9445582097;S
20240119;103239;2825.000000000;692;9445582098;S
20240119;103239;2825.000000000;6;9445582099;S
20240119;103239;2825.000000000;2;9445582234;S
20240119;103239;2825.000000000;4;9445582245;S
20240119;103239;2825.000000000;1;9445582284;S
20240119;103239;2825.000000000;4;9445582315;S
20240119;103239;2825.000000000;17;9445582356;S
20240119;103239;2825.000000000;4;9445582357;S
20240119;103239;2825.000000000;1;9445582358;S
20240119;103240;2825.000000000;200;9445582454;S
20240119;103240;2825.000000000;69;9445582466;S
20240119;103240;2825.000000000;1;9445582467;S
20240119;103240;2825.000000000;1;9445582468;S
20240119;103240;2825.000000000;1;9445582469;S
20240119;103240;2825.000000000;4;9445582470;S
20240119;103240;2825.000000000;1;9445582471;S
20240119;103240;2825.000000000;4;9445582472;S
20240119;103240;2825.000000000;1;9445582473;S
20240119;103240;2825.000000000;10;9445582474;S
20240119;103240;2825.000000000;1;9445582475;S
20240119;103240;2825.000000000;1;9445582476;S
20240119;103240;2824.500000000;1;9445582487;S
20240119;103241;2824.500000000;1;9445582603;S
20240119;103241;2824.000000000;40;9445582612;S
20240119;103241;2824.000000000;1;9445582613;S
20240119;103241;2824.000000000;9;9445582614;S
20240119;103241;2824.000000000;5;9445582615;S
20240119;103242;2824.000000000;1;9445582787;S
20240119;103246;2824.000000000;5;9445583590;S
20240119;103246;2824.000000000;10;9445583624;S
20240119;103250;2824.000000000;100;9445584281;S
20240119;103250;2823.500000000;1;9445584309;S
20240119;103250;2823.500000000;10;9445584310;S
20240119;103250;2823.500000000;1;9445584345;B
20240119;103254;2823.000000000;2;9445585249;S
20240119;103254;2823.000000000;2;9445585250;S
20240119;103254;2823.000000000;20;9445585251;S
20240119;103255;2822.500000000;20;9445585490;S
20240119;103255;2822.500000000;2;9445585491;S
20240119;103255;2822.500000000;10;9445585492;S
20240119;103255;2822.500000000;5;9445585493;S
20240119;103255;2822.500000000;2;9445585513;B
20240119;103256;2822.000000000;3;9445585606;S
20240119;103256;2822.000000000;97;9445585766;S
20240119;103256;2822.000000000;10;9445585767;S
20240119;103256;2822.000000000;1;9445585768;S
20240119;103256;2822.000000000;92;9445585769;S
20240119;103256;2822.000000000;8;9445585770;S
20240119;103256;2821.500000000;1;9445585771;S
20240119;103256;2821.500000000;5;9445585772;S
20240119;103256;2821.500000000;1;9445585773;S
20240119;103256;2821.000000000;1;9445585782;S
20240119;103256;2821.000000000;1;9445585783;S
20240119;103256;2821.000000000;1;9445585793;S
20240119;103256;2821.000000000;1;9445585794;S
20240119;103256;2821.500000000;20;9445585808;B
20240119;103257;2821.000000000;2;9445585853;S
20240119;103257;2821.000000000;1;9445585854;S
20240119;103257;2821.000000000;2;9445585855;S
20240119;103257;2821.000000000;1;9445585856;S
