<DATE>;<TIME>;<LAST>;<VOL>;<ID>;<OPER>
20240131;095935;2920.000000000;1;9496137127;S
20240131;095935;2920.000000000;1;9496137128;S
20240131;095935;2920.000000000;4;9496137129;S
20240131;095935;2920.000000000;2;9496137130;S
20240131;095935;2920.000000000;13;9496137131;S
20240131;095935;2920.000000000;10;9496137132;S
20240131;095935;2920.000000000;1;9496137133;S
20240131;095935;2920.000000000;1;9496137134;S
20240131;095935;2920.000000000;2;9496137135;S
20240131;095935;2920.000000000;2;9496137136;B
20240131;095935;2920.000000000;3;9496137137;B
20240131;095935;2920.000000000;3;9496137138;B
20240131;095935;2920.000000000;4;9496137139;B
20240131;095935;2920.000000000;12;9496137140;B
20240131;095935;2920.000000000;1;9496137141;B
20240131;095935;2920.000000000;2;9496137142;B
20240131;095935;2920.000000000;3;9496137143;B
20240131;095935;2920.000000000;15;9496137144;B
20240131;095935;2920.000000000;1;9496137145;B
20240131;095935;2920.000000000;1;9496137146;B
20240131;095935;2920.000000000;1;9496137147;B
20240131;095935;2920.000000000;1;9496137148;B
20240131;095935;2920.000000000;6;9496137149;B
20240131;095935;2920.000000000;40;9496137150;B
20240131;095935;2920.000000000;2;9496137151;B
20240131;095935;2920.000000000;15;9496137152;B
20240131;095935;2920.000000000;1;9496137153;B
20240131;095935;2920.000000000;1;9496137154;B
20240131;095935;2920.000000000;35;9496137155;B
20240131;095935;2920.000000000;1;9496137156;B
20240131;095935;2920.000000000;2;9496137157;B
20240131;095935;2920.000000000;1;9496137158;B
20240131;095935;2920.000000000;2;9496137159;B
20240131;095935;2920.000000000;1;9496137160;B
20240131;095935;2920.000000000;1;9496137161;B
20240131;095935;2920.000000000;18;9496137162;B
20240131;095935;2920.000000000;85;9496137163;B
20240131;095935;2920.000000000;9;9496137164;B
20240131;095935;2920.000000000;1;9496137165;B
20240131;095935;2920.000000000;25;9496137166;B
20240131;095935;2920.000000000;1;9496137167;S
20240131;095935;2920.000000000;100;9496137168;S
20240131;095935;2920.000000000;90;9496137169;B
20240131;095935;2920.000000000;3;9496137170;B
20240131;095935;2920.000000000;3;9496137171;S
20240131;095935;2920.000000000;1;9496137172;S
20240131;095935;2920.000000000;6;9496137173;B
20240131;100002;2916.500000000;1;9496145609;S
20240131;100002;2916.500000000;1;9496145614;S
20240131;100003;2918.500000000;1;9496145847;B
20240131;100003;2915.500000000;1;9496145947;S
20240131;100003;2917.000000000;1;9496146009;B
20240131;100003;2918.000000000;8;9496146010;B
20240131;100004;2918.000000000;2;9496146084;B
20240131;100004;2915.500000000;1;9496146277;S
20240131;100004;2917.000000000;1;9496146278;B
20240131;100004;2916.000000000;2;9496146286;B
20240131;100004;2918.000000000;8;9496146288;B
20240131;100005;2917.000000000;1;9496146809;B
20240131;100005;2918.000000000;8;9496146810;B
20240131;100005;2918.000000000;1;9496146811;B
20240131;100005;2918.500000000;1;9496146872;B
20240131;100006;2917.000000000;1;9496148388;B
20240131;100006;2915.000000000;3;9496148459;S
20240131;100006;2915.000000000;1;9496148462;S
20240131;100006;2916.000000000;27;9496148705;S
20240131;100006;2915.500000000;53;9496148706;S
20240131;100006;2915.000000000;26;9496148707;S
20240131;100006;2915.000000000;30;9496148708;S
20240131;100006;2915.000000000;15;9496148709;S
20240131;100006;2915.000000000;19;9496148710;S
20240131;100006;2918.000000000;1;9496148753;B
20240131;100006;2918.000000000;24;9496148754;B
20240131;100006;2915.500000000;1;9496148952;S
20240131;100006;2914.500000000;1;9496149398;B
20240131;100007;2914.500000000;4;9496149499;B
20240131;100007;2913.500000000;27;9496149651;S
20240131;100007;2913.500000000;5;9496149652;S
20240131;100007;2913.500000000;27;9496149653;S
20240131;100007;2914.500000000;1;9496149771;B
20240131;100007;2913.500000000;1;9496150105;S
20240131;100007;2914.000000000;1;9496150186;B
20240131;100007;2913.500000000;7;9496150210;S
20240131;100007;2914.000000000;1;9496150279;B
20240131;100007;2917.000000000;54;9496150280;B
20240131;100008;2916.000000000;1;9496150547;B
20240131;100008;2914.500000000;11;9496150666;S
20240131;100008;2914.500000000;9;9496150667;S
20240131;100010;2915.000000000;4;9496151194;S
20240131;100010;2917.500000000;6;9496151325;B
20240131;100010;2916.500000000;1;9496151498;B
20240131;100011;2915.000000000;5;9496151522;S
20240131;100011;2917.500000000;4;9496151535;B
20240131;100011;2917.500000000;8;9496151547;B
20240131;100011;2916.500000000;1;9496151710;B
20240131;100011;2916.000000000;1;9496151723;B
20240131;100011;2917.500000000;2;9496151724;B
20240131;100011;2917.500000000;4;9496151728;B
20240131;100011;2916.500000000;3;9496151924;B
20240131;100011;2917.500000000;1;9496151925;B
20240131;100012;2914.500000000;4;9496152029;S
20240131;100012;2915.000000000;1;9496152056;S
20240131;100013;2914.000000000;1;9496152274;B
20240131;100013;2914.000000000;1;9496152476;B
20240131;100013;2914.000000000;1;9496152477;B
20240131;100013;2914.000000000;1;9496152478;B
20240131;100017;2914.500000000;1;9496153244;S
20240131;100018;2914.500000000;1;9496153450;S
20240131;100018;2914.500000000;1;9496153627;B
20240131;100018;2914.500000000;1;9496153628;B
20240131;100022;2917.500000000;5;9496154390;B
20240131;100022;2917.500000000;22;9496154468;B
20240131;100022;2917.500000000;1;9496154469;B
20240131;100022;2918.000000000;1;9496154470;B
20240131;100022;2918.000000000;1;9496154471;B
20240131;100023;2915.500000000;1;9496154564;S
20240131;100023;2917.000000000;4;9496154662;B
20240131;100023;2918.000000000;6;9496154663;B
20240131;100023;2918.000000000;1;9496154664;B
20240131;100023;2918.000000000;4;9496154665;B
20240131;100023;2918.500000000;2;9496154666;B
20240131;100024;2915.500000000;2;9496154797;S
20240131;100024;2915.500000000;1;9496154799;S
20240131;100025;2915.500000000;1;9496154990;S
20240131;100025;2915.500000000;1;9496154991;S
20240131;100026;2915.500000000;1;9496155217;S
20240131;100028;2916.000000000;1;9496155740;S
20240131;100031;2917.500000000;1;9496156506;B
20240131;100031;2915.000000000;1;9496156518;S
20240131;100032;2915.000000000;1;9496156748;S
20240131;100032;2918.000000000;1;9496156817;B
20240131;100033;2915.500000000;35;9496157287;S
20240131;100033;2915.500000000;50;9496157288;S
20240131;100034;2916.000000000;2;9496157479;B
20240131;100034;2914.500000000;14;9496157510;S
20240131;100034;2914.500000000;12;9496157512;S
20240131;100035;2917.500000000;35;9496157563;B
20240131;100035;2918.000000000;1;9496157564;B
20240131;100035;2915.000000000;2;9496157700;B
20240131;100035;2915.000000000;4;9496157739;B
20240131;100035;2915.000000000;1;9496157740;B
20240131;100035;2915.000000000;6;9496157743;S
20240131;100035;2914.500000000;1;9496157745;S
20240131;100036;2915.000000000;1;9496157917;B
20240131;100036;2917.500000000;27;9496157918;B
20240131;100036;2918.000000000;5;9496157919;B
20240131;100036;2918.500000000;17;9496157920;B
20240131;100037;2915.500000000;8;9496158097;S
20240131;100037;2915.500000000;8;9496158098;S
20240131;100038;2918.000000000;1;9496158469;B
20240131;100038;2916.000000000;1;9496158479;S
20240131;100039;2915.500000000;1;9496158754;S
20240131;100041;2915.500000000;8;9496159146;B
20240131;100041;2915.500000000;1;9496159147;B
20240131;100041;2915.500000000;1;9496159148;S
20240131;100041;2915.500000000;1;9496159149;S
20240131;100041;2917.000000000;2;9496159234;B
20240131;100041;2918.000000000;5;9496159235;B
20240131;100041;2918.500000000;1;9496159236;B
20240131;100041;2918.500000000;2;9496159237;B
20240131;100042;2915.500000000;2;9496159512;S
20240131;100042;2915.500000000;1;9496159513;S
20240131;100045;2915.500000000;1;9496159957;S
20240131;100045;2918.000000000;1;9496160109;B
20240131;100046;2915.500000000;1;9496160252;S
20240131;100046;2916.000000000;1;9496160265;B
20240131;100046;2916.500000000;1;9496160266;B
20240131;100046;2918.000000000;2;9496160267;B
20240131;100046;2918.500000000;1;9496160268;B
20240131;100046;2918.500000000;7;9496160280;B
20240131;100046;2918.500000000;1;9496160281;B
20240131;100046;2918.500000000;27;9496160282;B
20240131;100046;2918.500000000;1;9496160283;B
20240131;100046;2919.000000000;35;9496160284;B
20240131;100046;2919.500000000;1;9496160285;B
20240131;100046;2919.500000000;27;9496160286;B
20240131;100047;2916.500000000;17;9496160456;S
20240131;100047;2916.500000000;16;9496160457;S
20240131;100049;2918.500000000;9;9496160689;B
20240131;100049;2920.000000000;5;9496160690;B
20240131;100049;2920.000000000;12;9496160691;B
20240131;100049;2920.000000000;1;9496160699;B
20240131;100049;2920.000000000;1;9496160700;B
20240131;100049;2916.500000000;35;9496160766;S
20240131;100049;2916.000000000;5;9496160767;S
20240131;100050;2916.000000000;5;9496160836;S
20240131;100050;2916.000000000;4;9496160837;S
20240131;100050;2919.000000000;1;9496160914;S
20240131;100051;2917.000000000;1;9496161005;S
20240131;100051;2915.500000000;7;9496161006;S
20240131;100051;2915.000000000;6;9496161007;S
20240131;100051;2918.500000000;1;9496161050;B
20240131;100051;2918.500000000;26;9496161131;B
20240131;100051;2918.500000000;12;9496161132;B
20240131;100052;2918.500000000;3;9496161214;B
20240131;100052;2918.500000000;7;9496161215;B
20240131;100052;2918.500000000;1;9496161216;B
20240131;100052;2919.000000000;6;9496161217;B
20240131;100052;2919.000000000;1;9496161218;B
20240131;100052;2920.000000000;1;9496161219;B
20240131;100052;2920.000000000;22;9496161220;B
20240131;100052;2916.000000000;1;9496161335;S
20240131;100053;2915.500000000;5;9496161406;S
20240131;100053;2915.500000000;4;9496161407;S
20240131;100053;2915.500000000;1;9496161536;S
20240131;100055;2919.000000000;1;9496161740;B
20240131;100055;2919.000000000;1;9496161741;B
20240131;100055;2919.500000000;3;9496161742;B
20240131;100055;2917.000000000;1;9496161901;S
20240131;100059;2917.000000000;1;9496162610;S
20240131;100059;2917.000000000;1;9496162611;S
20240131;100100;2918.000000000;1;9496162729;B
20240131;100100;2918.000000000;1;9496162807;S
20240131;100100;2918.000000000;2;9496162823;B
20240131;100101;2917.000000000;2;9496162930;S
20240131;100101;2916.000000000;1;9496162979;S
20240131;100101;2915.500000000;1;9496163024;S
20240131;100102;2915.000000000;1;9496163166;S
20240131;100105;2915.500000000;1;9496163606;S
20240131;100105;2915.500000000;1;9496163607;S
20240131;100106;2916.000000000;1;9496163743;S
20240131;100106;2917.000000000;12;9496163765;B
20240131;100106;2918.000000000;97;9496163766;B
20240131;100106;2918.500000000;30;9496163767;B
20240131;100106;2919.000000000;300;9496163768;B
20240131;100106;2919.000000000;27;9496163769;B
20240131;100106;2920.000000000;6;9496163770;B
20240131;100106;2920.000000000;5;9496163771;B
20240131;100106;2920.000000000;5;9496163772;B
20240131;100106;2920.000000000;2;9496163773;B
20240131;100106;2920.500000000;85;9496163774;B
20240131;100106;2921.500000000;27;9496163775;B
20240131;100106;2922.000000000;1;9496163776;B
20240131;100106;2922.000000000;1;9496163777;B
20240131;100106;2922.000000000;1;9496163778;B
20240131;100106;2922.000000000;1;9496163779;B
20240131;100106;2919.000000000;23;9496163876;B
20240131;100107;2917.000000000;27;9496163935;S
20240131;100107;2916.500000000;31;9496163936;S
20240131;100107;2916.500000000;8;9496163937;S
20240131;100107;2915.500000000;73;9496163938;S
20240131;100107;2916.000000000;38;9496163939;S
20240131;100110;2916.500000000;1;9496164561;S
20240131;100110;2916.500000000;1;9496164562;S
20240131;100111;2920.000000000;20;9496164713;B
20240131;100112;2917.000000000;4;9496164853;S
20240131;100112;2917.000000000;3;9496164854;S
20240131;100116;2917.500000000;1;9496165701;S
20240131;100116;2917.500000000;1;9496165702;S
20240131;100117;2919.000000000;1;9496165804;B
20240131;100120;2920.000000000;1;9496166182;B
20240131;100120;2920.500000000;1;9496166183;B
20240131;100120;2920.500000000;1;9496166184;B
20240131;100120;2920.500000000;65;9496166185;B
20240131;100120;2921.000000000;1;9496166186;B
20240131;100120;2921.000000000;31;9496166187;B
20240131;100120;2917.000000000;16;9496166462;S
20240131;100120;2917.000000000;11;9496166463;S
20240131;100120;2916.500000000;6;9496166464;S
20240131;100122;2917.000000000;1;9496166634;B
20240131;100122;2917.500000000;1;9496166635;B
20240131;100123;2919.500000000;1;9496166822;S
20240131;100127;2919.500000000;1;9496167695;S
20240131;100127;2919.500000000;1;9496167696;S
20240131;100128;2919.500000000;15;9496167858;S
20240131;100129;2918.000000000;3;9496168016;S
20240131;100129;2918.000000000;2;9496168017;S
20240131;100129;2919.500000000;35;9496168060;B
20240131;100129;2920.000000000;15;9496168061;B
20240131;100130;2918.000000000;9;9496168237;S
20240131;100130;2918.000000000;4;9496168238;S
20240131;100130;2916.500000000;4;9496168239;S
20240131;100131;2919.500000000;20;9496168487;B
20240131;100132;2916.500000000;3;9496168580;S
20240131;100132;2916.500000000;4;9496168581;S
20240131;100133;2917.000000000;1;9496168591;B
20240131;100133;2917.500000000;1;9496168592;B
20240131;100133;2919.500000000;2;9496168593;B
20240131;100133;2917.000000000;1;9496168737;S
20240131;100139;2917.000000000;1;9496169763;S
20240131;100139;2917.000000000;1;9496169764;S
20240131;100140;2917.000000000;1;9496169876;S
20240131;100144;2917.000000000;1;9496170787;S
20240131;100144;2916.500000000;1;9496170788;S
20240131;100148;2919.500000000;9;9496171750;B
20240131;100148;2920.000000000;21;9496171751;B
20240131;100149;2918.500000000;5;9496171874;S
20240131;100149;2918.500000000;5;9496171876;S
20240131;100150;2918.000000000;1;9496172059;S
20240131;100150;2918.000000000;1;9496172060;S
20240131;100151;2918.500000000;1;9496172298;S
20240131;100154;2920.000000000;9;9496172683;B
20240131;100154;2920.000000000;1;9496172684;B
20240131;100154;2918.000000000;1;9496172852;B
20240131;100154;2918.000000000;1;9496172853;B
20240131;100154;2918.000000000;2;9496172877;S
20240131;100155;2918.000000000;1;9496173002;S
20240131;100156;2918.000000000;1;9496173061;S
20240131;100201;2919.000000000;1;9496173877;S
20240131;100201;2919.000000000;1;9496173878;S
20240131;100202;2919.000000000;1;9496173982;S
20240131;100203;2920.000000000;19;9496174114;B
20240131;100203;2920.000000000;15;9496174115;B
20240131;100203;2920.000000000;50;9496174116;B
20240131;100203;2920.000000000;11;9496174117;B
20240131;100203;2920.000000000;61;9496174118;B
20240131;100203;2920.000000000;1;9496174141;B
20240131;100204;2920.000000000;1;9496174200;B
20240131;100204;2919.500000000;26;9496174403;S
20240131;100204;2919.500000000;26;9496174404;S
20240131;100205;2919.500000000;1;9496174484;S
20240131;100205;2919.500000000;1;9496174667;S
20240131;100206;2919.500000000;1;9496174787;S
20240131;100207;2919.000000000;1;9496174864;S
20240131;100207;2919.000000000;1;9496174944;S
20240131;100207;2919.000000000;1;9496174945;S
20240131;100207;2919.500000000;1;9496175026;B
20240131;100207;2920.000000000;1;9496175027;B
20240131;100209;2920.000000000;1;9496175216;B
20240131;100210;2920.000000000;10;9496175311;B
20240131;100210;2919.500000000;1;9496175359;S
20240131;100211;2920.000000000;5;9496175471;B
20240131;100211;2919.500000000;1;9496175514;S
20240131;100211;2919.000000000;2;9496175515;S
20240131;100212;2920.000000000;1;9496175563;B
20240131;100212;2919.000000000;1;9496175663;S
20240131;100212;2919.000000000;1;9496175664;S
20240131;100213;2919.000000000;7;9496175711;S
20240131;100213;2919.000000000;1;9496175762;S
20240131;100213;2919.000000000;1;9496175763;S
20240131;100213;2919.500000000;1;9496175829;B
20240131;100213;2920.000000000;14;9496175830;B
20240131;100213;2919.500000000;1;9496175879;B
20240131;100213;2920.000000000;4;9496175880;B
20240131;100213;2920.000000000;5;9496175913;B
20240131;100214;2919.000000000;4;9496176022;S
20240131;100214;2919.000000000;3;9496176023;S
20240131;100215;2919.500000000;1;9496176206;B
20240131;100215;2919.000000000;1;9496176221;S
20240131;100215;2919.000000000;1;9496176222;S
20240131;100218;2919.000000000;1;9496176803;S
20240131;100218;2919.000000000;1;9496176804;S
20240131;100219;2919.000000000;1;9496176976;S
20240131;100220;2919.500000000;1;9496177058;B
20240131;100220;2919.000000000;2;9496177063;S
20240131;100220;2919.500000000;8;9496177095;B
20240131;100220;2919.500000000;5;9496177096;B
20240131;100220;2919.500000000;1;9496177097;B
20240131;100220;2920.000000000;396;9496177098;B
20240131;100220;2920.000000000;9;9496177099;B
20240131;100221;2920.500000000;35;9496177231;S
20240131;100221;2920.000000000;27;9496177232;S
20240131;100221;2920.000000000;25;9496177233;S
20240131;100221;2920.000000000;12;9496177234;S
20240131;100221;2919.000000000;17;9496177235;S
20240131;100221;2919.000000000;23;9496177236;S
20240131;100221;2919.500000000;13;9496177244;S
20240131;100222;2920.500000000;1;9496177345;B
20240131;100222;2919.500000000;2;9496177353;S
20240131;100222;2919.500000000;1;9496177354;S
20240131;100224;2919.500000000;1;9496177632;S
20240131;100224;2919.500000000;1;9496177633;S
20240131;100225;2919.500000000;1;9496177733;S
20240131;100227;2920.000000000;2;9496178031;B
20240131;100227;2920.000000000;6;9496178032;B
20240131;100227;2921.000000000;1;9496178033;B
20240131;100227;2922.000000000;10;9496178034;B
20240131;100227;2922.000000000;6;9496178035;B
20240131;100228;2920.000000000;4;9496178180;B
20240131;100228;2920.000000000;1;9496178181;B
20240131;100228;2920.500000000;4;9496178182;B
20240131;100230;2919.500000000;1;9496178418;S
20240131;100230;2919.500000000;1;9496178448;S
20240131;100235;2919.500000000;1;9496179354;S
20240131;100235;2919.500000000;1;9496179355;S
20240131;100236;2919.500000000;1;9496179487;S
20240131;100239;2921.000000000;9;9496179997;B
20240131;100239;2921.500000000;1;9496179998;B
20240131;100240;2920.000000000;2;9496180130;B
20240131;100240;2919.500000000;1;9496180165;S
20240131;100241;2920.000000000;1;9496180294;B
20240131;100241;2919.500000000;1;9496180311;S
20240131;100241;2919.500000000;1;9496180325;S
20240131;100241;2919.500000000;1;9496180358;S
20240131;100242;2919.500000000;1;9496180421;S
20240131;100243;2919.500000000;8;9496180730;S
20240131;100243;2919.000000000;55;9496180731;S
20240131;100243;2919.000000000;1;9496180732;S
20240131;100243;2919.000000000;7;9496180733;S
20240131;100244;2919.000000000;12;9496180829;S
20240131;100244;2919.000000000;6;9496180830;S
20240131;100244;2919.000000000;1;9496180831;S
20240131;100244;2918.500000000;2;9496180833;S
20240131;100244;2918.000000000;1;9496180834;S
20240131;100244;2918.000000000;2;9496180835;S
20240131;100245;2919.500000000;1;9496180975;B
20240131;100245;2919.500000000;1;9496180976;B
20240131;100246;2920.000000000;1;9496181077;B
20240131;100246;2919.500000000;1;9496181132;S
20240131;100251;2920.000000000;20;9496182003;B
20240131;100251;2920.000000000;1;9496182004;B
20240131;100251;2920.500000000;1;9496182110;B
20240131;100251;2920.500000000;4;9496182111;B
20240131;100251;2921.000000000;3;9496182112;B
20240131;100252;2921.000000000;1;9496182341;S
20240131;100253;2921.000000000;1;9496182507;S
20240131;100254;2920.000000000;1;9496182589;S
20240131;100257;2920.000000000;10;9496183094;S
20240131;100258;2920.000000000;1;9496183336;S
20240131;100258;2920.000000000;2;9496183337;S
20240131;100258;2920.000000000;2;9496183415;S
20240131;100258;2920.000000000;1;9496183422;S
20240131;100258;2920.000000000;1;9496183423;S
20240131;100259;2920.000000000;1;9496183523;S
20240131;100301;2920.000000000;2;9496183823;S
20240131;100301;2920.000000000;1;9496183830;S
20240131;100301;2920.000000000;1;9496183857;S
20240131;100302;2920.000000000;1;9496183956;S
20240131;100304;2920.000000000;1;9496184180;S
20240131;100304;2920.000000000;1;9496184212;S
20240131;100304;2920.000000000;1;9496184213;S
20240131;100304;2921.000000000;1;9496184279;B
20240131;100304;2921.500000000;1;9496184280;B
20240131;100306;2921.500000000;5;9496184723;B
20240131;100306;2922.000000000;1;9496184724;B
20240131;100306;2922.000000000;5;9496184725;B
20240131;100306;2922.000000000;50;9496184726;B
20240131;100306;2922.000000000;30;9496184727;B
20240131;100306;2922.000000000;1;9496184728;B
20240131;100306;2922.000000000;1;9496184729;B
20240131;100306;2922.000000000;12;9496184730;B
20240131;100306;2922.000000000;4;9496184731;B
20240131;100306;2922.000000000;35;9496184732;B
20240131;100306;2922.500000000;1;9496184733;B
20240131;100306;2922.500000000;2;9496184734;B
20240131;100306;2922.500000000;205;9496184735;B
20240131;100306;2922.500000000;1;9496184736;B
20240131;100306;2923.000000000;8;9496184737;B
20240131;100306;2923.500000000;1;9496184738;B
20240131;100306;2923.500000000;2;9496184739;B
20240131;100306;2923.500000000;85;9496184740;B
20240131;100306;2923.500000000;10;9496184741;S
20240131;100306;2923.500000000;89;9496184805;S
20240131;100307;2923.500000000;1;9496184914;S
20240131;100307;2924.000000000;2;9496184916;B
20240131;100307;2924.000000000;1;9496184917;B
20240131;100307;2923.500000000;75;9496185018;S
20240131;100307;2923.500000000;74;9496185019;S
20240131;100308;2923.500000000;17;9496185388;S
20240131;100308;2923.500000000;17;9496185393;S
20240131;100309;2923.500000000;1;9496185605;S
20240131;100309;2923.500000000;1;9496185606;S
20240131;100311;2924.000000000;6;9496185844;B
20240131;100312;2923.500000000;1;9496185981;S
20240131;100312;2923.500000000;1;9496185982;S
20240131;100312;2923.500000000;1;9496185997;S
20240131;100312;2924.000000000;10;9496186033;B
20240131;100312;2924.000000000;1;9496186046;B
20240131;100313;2923.500000000;1;9496186133;S
20240131;100314;2923.500000000;10;9496186282;S
20240131;100314;2923.500000000;1;9496186307;S
20240131;100314;2923.500000000;2;9496186308;S
20240131;100314;2923.500000000;92;9496186365;S
20240131;100314;2923.500000000;20;9496186453;S
20240131;100315;2924.000000000;3;9496186456;B
20240131;100315;2924.000000000;20;9496186457;B
20240131;100315;2924.000000000;1;9496186458;B
20240131;100315;2924.000000000;35;9496186459;B
20240131;100315;2924.000000000;2;9496186460;B
20240131;100315;2924.000000000;2;9496186472;S
20240131;100315;2924.000000000;1;9496186550;S
20240131;100315;2924.500000000;5;9496186553;B
20240131;100316;2924.000000000;28;9496186710;S
20240131;100316;2924.000000000;29;9496186711;S
20240131;100317;2924.000000000;15;9496186816;S
20240131;100317;2924.000000000;1;9496186871;S
20240131;100317;2924.000000000;1;9496186872;S
20240131;100317;2924.500000000;45;9496186933;B
20240131;100317;2924.500000000;1;9496186934;B
20240131;100317;2925.000000000;1;9496186935;B
20240131;100317;2925.000000000;1;9496186936;B
20240131;100317;2925.000000000;10;9496186937;B
20240131;100317;2925.000000000;8;9496186938;B
20240131;100317;2925.000000000;1;9496186939;B
20240131;100317;2925.000000000;20;9496186940;B
20240131;100317;2925.000000000;5;9496186941;B
20240131;100317;2925.000000000;20;9496186942;B
20240131;100317;2925.000000000;75;9496186943;B
20240131;100317;2925.500000000;1;9496186944;B
20240131;100317;2925.500000000;15;9496186945;B
20240131;100317;2925.500000000;5;9496186946;B
20240131;100317;2925.500000000;1;9496186947;B
20240131;100317;2926.000000000;2;9496186948;B
20240131;100317;2926.000000000;35;9496186949;B
20240131;100317;2926.500000000;2;9496186950;B
20240131;100317;2926.500000000;2;9496186951;B
20240131;100318;2925.500000000;44;9496187062;B
20240131;100318;2926.000000000;35;9496187063;B
20240131;100318;2926.000000000;44;9496187064;B
20240131;100318;2926.000000000;69;9496187065;B
20240131;100318;2926.500000000;85;9496187066;B
20240131;100318;2926.500000000;20;9496187067;S
20240131;100318;2926.500000000;10;9496187068;S
20240131;100318;2926.500000000;1;9496187124;S
20240131;100318;2926.500000000;11;9496187132;S
20240131;100318;2926.500000000;12;9496187149;S
20240131;100319;2926.500000000;2;9496187160;S
20240131;100319;2926.500000000;3;9496187173;S
20240131;100319;2926.500000000;20;9496187176;S
20240131;100319;2927.000000000;2;9496187180;B
20240131;100319;2927.000000000;1;9496187181;B
20240131;100319;2927.000000000;2;9496187182;B
20240131;100319;2926.500000000;31;9496187262;S
20240131;100319;2926.500000000;32;9496187263;S
20240131;100320;2927.000000000;1;9496187307;B
20240131;100320;2927.000000000;17;9496187324;B
20240131;100320;2927.000000000;20;9496187431;B
20240131;100320;2927.000000000;15;9496187432;B
20240131;100320;2927.000000000;2;9496187433;B
20240131;100320;2927.000000000;1;9496187434;B
20240131;100320;2927.000000000;14;9496187435;B
20240131;100320;2927.000000000;24;9496187436;B
20240131;100320;2927.000000000;1;9496187437;S
20240131;100320;2927.000000000;14;9496187438;S
20240131;100321;2927.500000000;2;9496187491;B
20240131;100321;2927.500000000;2;9496187492;B
20240131;100321;2927.500000000;1;9496187554;B
20240131;100321;2927.500000000;35;9496187555;B
20240131;100321;2927.500000000;14;9496187556;B
20240131;100321;2927.000000000;13;9496187562;S
20240131;100321;2927.500000000;35;9496187594;B
20240131;100321;2928.000000000;2;9496187595;B
20240131;100321;2928.000000000;13;9496187596;B
20240131;100322;2927.500000000;35;9496187639;B
20240131;100322;2927.500000000;15;9496187640;B
20240131;100322;2927.500000000;1;9496187670;B
20240131;100322;2927.500000000;15;9496187671;B
20240131;100322;2928.000000000;34;9496187672;B
20240131;100322;2928.000000000;50;9496187725;B
20240131;100322;2927.500000000;1;9496187727;S
20240131;100322;2927.500000000;9;9496187728;S
20240131;100322;2927.500000000;9;9496187752;S
20240131;100322;2928.000000000;3;9496187810;B
20240131;100322;2928.000000000;3;9496187811;B
20240131;100322;2928.000000000;1;9496187812;B
20240131;100322;2928.000000000;14;9496187813;B
20240131;100323;2927.500000000;1;9496187840;S
20240131;100323;2927.500000000;10;9496187841;S
20240131;100323;2927.500000000;12;9496187845;S
20240131;100324;2927.500000000;15;9496188033;S
20240131;100324;2927.500000000;15;9496188034;S
20240131;100325;2928.000000000;18;9496188147;B
20240131;100325;2927.500000000;3;9496188275;S
20240131;100325;2927.500000000;3;9496188276;S
20240131;100326;2928.000000000;2;9496188315;B
20240131;100326;2927.500000000;1;9496188390;S
20240131;100326;2927.500000000;1;9496188391;S
20240131;100327;2928.000000000;2;9496188395;B
20240131;100327;2927.500000000;1;9496188441;S
20240131;100328;2928.000000000;14;9496188556;B
20240131;100328;2928.000000000;49;9496188557;B
20240131;100329;2927.500000000;11;9496188660;S
20240131;100329;2927.500000000;11;9496188661;S
20240131;100329;2928.000000000;6;9496188666;B
20240131;100330;2927.500000000;1;9496188798;S
20240131;100330;2927.500000000;1;9496188799;S
20240131;100330;2928.000000000;5;9496188808;B
20240131;100330;2927.500000000;45;9496188896;S
20240131;100330;2927.500000000;2;9496188913;S
20240131;100331;2927.500000000;1;9496188938;S
20240131;100331;2927.500000000;1;9496188939;S
20240131;100331;2927.500000000;40;9496188975;S
20240131;100331;2928.000000000;2;9496189010;B
20240131;100331;2928.000000000;1;9496189013;B
20240131;100332;2927.500000000;14;9496189065;S
20240131;100332;2927.500000000;15;9496189067;S
20240131;100332;2927.500000000;1;9496189142;S
20240131;100332;2927.500000000;1;9496189143;S
20240131;100332;2928.000000000;100;9496189175;B
20240131;100332;2928.000000000;1;9496189176;B
20240131;100332;2928.000000000;1;9496189177;B
20240131;100332;2928.000000000;1;9496189178;B
20240131;100333;2928.500000000;2;9496189277;B
20240131;100333;2928.500000000;24;9496189278;B
20240131;100333;2928.500000000;18;9496189279;B
20240131;100333;2928.500000000;4;9496189281;S
20240131;100333;2928.500000000;13;9496189282;S
20240131;100333;2929.000000000;2;9496189283;B
20240131;100333;2929.000000000;48;9496189284;B
20240131;100333;2929.000000000;1;9496189285;B
20240131;100333;2929.000000000;1;9496189286;B
20240131;100333;2929.000000000;1;9496189287;B
20240131;100333;2929.000000000;85;9496189288;B
20240131;100333;2929.000000000;1;9496189326;B
20240131;100333;2928.500000000;27;9496189461;B
20240131;100333;2929.000000000;23;9496189462;B
20240131;100333;2928.500000000;1;9496189467;B
20240131;100334;2928.500000000;26;9496189480;B
20240131;100334;2929.000000000;24;9496189481;B
20240131;100334;2928.000000000;8;9496189647;S
20240131;100334;2928.000000000;2;9496189648;S
20240131;100334;2928.000000000;6;9496189649;S
20240131;100335;2928.000000000;15;9496189747;S
20240131;100336;2928.500000000;2;9496190002;S
20240131;100336;2928.500000000;2;9496190003;S
20240131;100336;2928.500000000;1;9496190004;S
20240131;100337;2928.500000000;1;9496190421;B
20240131;100337;2928.500000000;1;9496190422;B
20240131;100337;2928.500000000;1;9496190545;B
20240131;100339;2929.000000000;1;9496190988;B
20240131;100339;2929.000000000;1;9496190989;B
20240131;100339;2929.000000000;3;9496190990;B
20240131;100340;2929.000000000;2;9496191038;B
20240131;100340;2928.500000000;1;9496191098;S
20240131;100340;2928.500000000;1;9496191100;S
20240131;100341;2929.000000000;5;9496191272;B
20240131;100342;2928.000000000;1;9496191421;S
20240131;100342;2928.000000000;1;9496191422;S
20240131;100343;2928.000000000;1;9496191641;S
20240131;100344;2928.000000000;1;9496191642;S
20240131;100344;2928.000000000;1;9496191710;S
20240131;100346;2929.000000000;5;9496191937;B
20240131;100347;2928.000000000;1;9496192060;S
20240131;100348;2929.000000000;1;9496192171;B
20240131;100348;2929.000000000;9;9496192172;B
20240131;100348;2929.000000000;10;9496192173;B
20240131;100348;2929.000000000;2;9496192174;B
20240131;100348;2929.000000000;32;9496192175;B
20240131;100349;2928.000000000;9;9496192259;S
20240131;100349;2928.000000000;9;9496192260;S
20240131;100349;2928.000000000;1;9496192300;S
20240131;100349;2928.000000000;1;9496192301;S
20240131;100350;2928.000000000;1;9496192410;S
20240131;100350;2928.500000000;1;9496192440;B
20240131;100350;2929.000000000;36;9496192441;B
20240131;100351;2928.500000000;4;9496192515;S
20240131;100351;2928.500000000;2;9496192516;S
20240131;100351;2928.500000000;6;9496192518;S
20240131;100355;2928.000000000;1;9496193005;S
20240131;100355;2928.500000000;1;9496193029;B
20240131;100355;2928.500000000;1;9496193030;B
20240131;100355;2928.000000000;1;9496193057;S
20240131;100355;2928.000000000;21;9496193102;S
20240131;100355;2928.000000000;10;9496193103;S
20240131;100355;2928.000000000;38;9496193104;S
20240131;100355;2928.000000000;111;9496193105;S
20240131;100356;2929.000000000;32;9496193175;B
20240131;100356;2929.000000000;10;9496193176;B
20240131;100356;2929.000000000;1;9496193177;S
20240131;100357;2929.500000000;1;9496193264;B
20240131;100357;2929.000000000;5;9496193333;S
20240131;100357;2929.500000000;5;9496193373;B
20240131;100357;2929.500000000;2;9496193374;B
20240131;100357;2929.500000000;30;9496193375;B
20240131;100357;2929.500000000;60;9496193376;B
20240131;100357;2930.000000000;1;9496193377;B
20240131;100357;2930.000000000;2;9496193378;B
20240131;100357;2930.000000000;18;9496193386;B
20240131;100357;2930.000000000;2;9496193387;B
20240131;100357;2930.000000000;1;9496193388;B
20240131;100357;2930.000000000;1;9496193389;B
20240131;100357;2930.000000000;1;9496193390;B
20240131;100357;2930.000000000;1;9496193391;B
20240131;100357;2930.000000000;2;9496193392;B
20240131;100357;2930.000000000;4;9496193393;B
20240131;100357;2930.000000000;3;9496193394;B
20240131;100357;2930.000000000;1;9496193395;B
20240131;100357;2930.000000000;1;9496193396;B
20240131;100357;2930.000000000;1;9496193397;B
20240131;100357;2930.000000000;11;9496193398;B
20240131;100357;2930.000000000;1;9496193399;B
20240131;100357;2930.000000000;1;9496193400;B
20240131;100357;2930.000000000;10;9496193401;B
20240131;100357;2930.000000000;15;9496193402;B
20240131;100357;2930.000000000;20;9496193403;B
20240131;100357;2930.000000000;20;9496193404;B
20240131;100357;2930.000000000;1;9496193405;B
20240131;100357;2930.000000000;10;9496193406;B
20240131;100357;2930.000000000;85;9496193407;B
20240131;100357;2930.000000000;1;9496193408;B
20240131;100357;2930.000000000;27;9496193409;B
20240131;100357;2930.000000000;22;9496193410;B
20240131;100357;2930.500000000;3;9496193411;B
20240131;100357;2930.500000000;2;9496193412;B
20240131;100357;2930.500000000;1;9496193413;B
20240131;100357;2930.500000000;15;9496193414;B
20240131;100357;2930.500000000;5;9496193415;B
20240131;100357;2931.000000000;1;9496193416;B
20240131;100357;2931.000000000;1;9496193417;B
20240131;100357;2931.000000000;3;9496193418;B
20240131;100357;2931.000000000;1;9496193419;B
20240131;100357;2931.500000000;3;9496193420;B
20240131;100357;2932.000000000;1;9496193421;B
20240131;100357;2932.000000000;1;9496193422;B
20240131;100357;2932.000000000;1;9496193423;B
20240131;100357;2932.000000000;1;9496193424;B
20240131;100357;2932.000000000;3;9496193425;B
20240131;100357;2932.000000000;5;9496193426;B
20240131;100357;2932.000000000;1;9496193427;B
20240131;100357;2932.500000000;5;9496193428;B
20240131;100357;2932.500000000;1;9496193429;B
20240131;100357;2932.500000000;3;9496193430;B
20240131;100357;2932.500000000;2;9496193431;B
20240131;100357;2932.500000000;31;9496193432;B
20240131;100357;2929.500000000;2;9496193436;S
20240131;100357;2929.000000000;40;9496193485;S
20240131;100357;2929.000000000;10;9496193486;S
20240131;100357;2929.000000000;35;9496193487;S
20240131;100357;2929.000000000;30;9496193515;B
20240131;100357;2928.500000000;1;9496193530;S
20240131;100357;2928.500000000;7;9496193535;S
20240131;100357;2928.000000000;2;9496193536;S
20240131;100358;2928.500000000;1;9496193548;B
20240131;100358;2928.000000000;3;9496193558;S
20240131;100358;2928.000000000;3;9496193566;S
20240131;100358;2928.500000000;2;9496193592;B
20240131;100358;2928.000000000;61;9496193598;S
20240131;100358;2928.000000000;1;9496193599;S
20240131;100358;2928.000000000;69;9496193600;S
20240131;100358;2928.000000000;25;9496193601;S
20240131;100358;2928.000000000;1;9496193602;S
20240131;100358;2928.000000000;2;9496193603;S
20240131;100358;2928.500000000;1;9496193615;B
20240131;100358;2928.500000000;10;9496193617;B
20240131;100358;2928.500000000;24;9496193624;B
20240131;100358;2928.500000000;10;9496193625;B
20240131;100358;2928.500000000;10;9496193651;B
20240131;100358;2928.500000000;1;9496193676;B
20240131;100359;2928.000000000;44;9496193712;S
20240131;100359;2928.000000000;4;9496193761;S
20240131;100359;2928.000000000;16;9496193762;S
20240131;100359;2928.000000000;4;9496193781;S
20240131;100359;2928.000000000;1;9496193782;S
20240131;100400;2927.500000000;17;9496193864;S
20240131;100400;2928.000000000;1;9496193900;B
20240131;100401;2927.500000000;1;9496194023;S
20240131;100401;2927.500000000;1;9496194024;S
20240131;100401;2927.500000000;11;9496194043;S
20240131;100401;2925.500000000;33;9496194044;S
20240131;100401;2925.500000000;17;9496194045;S
20240131;100401;2925.500000000;2;9496194046;S
20240131;100401;2925.500000000;9;9496194157;S
20240131;100402;2925.500000000;16;9496194177;S
20240131;100402;2925.000000000;10;9496194178;S
20240131;100402;2926.000000000;10;9496194266;B
20240131;100402;2925.500000000;1;9496194316;S
20240131;100402;2925.500000000;3;9496194317;S
20240131;100403;2925.000000000;5;9496194404;S
20240131;100406;2925.500000000;1;9496194761;B
20240131;100406;2925.000000000;1;9496194804;S
20240131;100407;2925.000000000;1;9496194881;S
20240131;100408;2925.000000000;483;9496195114;S
20240131;100408;2925.000000000;17;9496195115;S
20240131;100408;2924.500000000;35;9496195151;B
20240131;100408;2924.500000000;3;9496195152;B
20240131;100408;2923.500000000;1;9496195155;S
20240131;100409;2924.000000000;243;9496195206;B
20240131;100409;2926.000000000;10;9496195215;B
20240131;100409;2926.000000000;9;9496195216;B
20240131;100409;2926.000000000;14;9496195217;B
20240131;100409;2925.000000000;39;9496195249;S
20240131;100409;2924.500000000;11;9496195250;S
20240131;100410;2923.500000000;18;9496195330;S
20240131;100410;2923.500000000;41;9496195460;S
20240131;100411;2924.000000000;1;9496195469;B
20240131;100411;2924.500000000;1;9496195470;B
20240131;100411;2925.500000000;3;9496195471;B
20240131;100411;2923.500000000;3;9496195596;S
20240131;100412;2926.500000000;3;9496195655;B
20240131;100413;2925.000000000;1;9496195782;S
20240131;100416;2925.000000000;1;9496196459;S
20240131;100416;2925.000000000;2;9496196464;S
20240131;100416;2925.000000000;5;9496196569;S
20240131;100417;2925.000000000;1;9496196606;S
20240131;100417;2925.500000000;1;9496196618;B
20240131;100417;2925.500000000;3;9496196619;B
20240131;100417;2926.000000000;1;9496196620;B
20240131;100419;2925.000000000;1;9496196944;S
20240131;100420;2925.500000000;1;9496197192;B
20240131;100422;2925.500000000;1;9496197459;B
20240131;100422;2925.500000000;1;9496197460;B
20240131;100423;2925.000000000;1;9496197573;S
20240131;100423;2925.000000000;1;9496197597;S
20240131;100424;2925.000000000;1;9496197722;S
20240131;100424;2925.000000000;1;9496197745;S
20240131;100424;2925.000000000;1;9496197768;S
20240131;100425;2925.000000000;1;9496197948;S
20240131;100425;2925.000000000;3;9496197953;S
20240131;100425;2925.000000000;1;9496198010;S
20240131;100426;2925.000000000;1;9496198017;S
20240131;100426;2925.500000000;1;9496198058;B
20240131;100426;2925.500000000;1;9496198059;B
20240131;100426;2926.500000000;15;9496198060;B
20240131;100426;2925.000000000;1;9496198100;S
20240131;100426;2925.000000000;1;9496198110;S
20240131;100427;2925.000000000;7;9496198164;S
20240131;100427;2925.000000000;10;9496198182;B
20240131;100427;2925.500000000;30;9496198183;B
20240131;100428;2924.000000000;18;9496198322;S
20240131;100429;2924.000000000;1;9496198643;S
20240131;100429;2924.000000000;1;9496198644;S
20240131;100429;2924.000000000;5;9496198647;S
20240131;100430;2924.000000000;1;9496198801;S
20240131;100430;2924.000000000;1;9496198813;S
20240131;100430;2924.000000000;1;9496198835;S
20240131;100431;2924.000000000;1;9496198998;S
20240131;100431;2923.500000000;3;9496198999;S
20240131;100431;2924.500000000;5;9496199049;B
20240131;100432;2923.500000000;2;9496199156;S
20240131;100432;2924.000000000;1;9496199203;B
20240131;100433;2924.000000000;25;9496199273;S
20240131;100433;2924.000000000;1;9496199351;S
20240131;100434;2924.000000000;12;9496199519;S
20240131;100434;2924.500000000;3;9496199545;B
20240131;100435;2924.000000000;1;9496199571;S
20240131;100435;2924.000000000;1;9496199572;S
20240131;100435;2924.000000000;35;9496199579;S
20240131;100435;2923.500000000;2;9496199642;S
20240131;100435;2924.000000000;6;9496199660;B
20240131;100436;2924.000000000;14;9496199765;B
20240131;100438;2923.500000000;28;9496200018;S
20240131;100438;2923.500000000;39;9496200019;S
20240131;100439;2923.500000000;26;9496200169;S
20240131;100439;2923.500000000;70;9496200301;S
20240131;100439;2923.500000000;1;9496200302;S
20240131;100439;2923.000000000;34;9496200303;S
20240131;100439;2923.000000000;2;9496200304;S
20240131;100439;2923.000000000;143;9496200305;S
20240131;100440;2923.500000000;1;9496200358;B
20240131;100440;2923.000000000;1;9496200385;S
20240131;100440;2923.000000000;50;9496200389;S
20240131;100440;2923.000000000;6;9496200428;S
20240131;100440;2923.000000000;32;9496200429;S
20240131;100440;2922.000000000;85;9496200430;S
20240131;100440;2922.000000000;20;9496200431;S
20240131;100440;2922.000000000;10;9496200432;S
20240131;100440;2921.500000000;60;9496200433;S
20240131;100440;2921.500000000;36;9496200434;S
20240131;100440;2921.500000000;34;9496200435;S
20240131;100440;2921.500000000;1;9496200438;S
20240131;100440;2921.500000000;4;9496200472;S
20240131;100440;2921.000000000;1;9496200473;S
20240131;100440;2920.500000000;3;9496200475;S
20240131;100440;2920.500000000;85;9496200476;S
20240131;100440;2920.500000000;27;9496200477;S
20240131;100440;2920.000000000;20;9496200478;S
20240131;100440;2920.000000000;26;9496200479;S
20240131;100440;2920.000000000;1;9496200495;S
20240131;100440;2920.000000000;1;9496200499;S
20240131;100441;2920.000000000;22;9496200598;S
20240131;100441;2920.000000000;60;9496200599;S
20240131;100441;2920.000000000;85;9496200600;S
20240131;100441;2919.500000000;2;9496200601;S
20240131;100441;2919.500000000;10;9496200602;S
20240131;100441;2919.500000000;46;9496200603;S
20240131;100442;2919.000000000;1;9496200827;S
20240131;100443;2922.000000000;10;9496200922;B
20240131;100444;2920.500000000;2;9496201052;S
20240131;100444;2919.500000000;4;9496201053;S
20240131;100446;2921.000000000;1;9496201527;B
20240131;100446;2921.500000000;1;9496201528;B
20240131;100446;2920.500000000;1;9496201529;S
20240131;100447;2921.500000000;2;9496201729;S
20240131;100452;2921.500000000;1;9496202464;S
20240131;100452;2921.500000000;1;9496202465;S
20240131;100452;2922.500000000;1;9496202687;B
20240131;100452;2923.000000000;5;9496202688;B
20240131;100452;2923.500000000;4;9496202689;B
20240131;100454;2923.000000000;1;9496202963;S
20240131;100455;2923.000000000;1;9496202979;S
20240131;100455;2921.500000000;6;9496202980;S
20240131;100457;2921.500000000;1;9496203418;S
20240131;100457;2921.500000000;1;9496203419;S
20240131;100458;2921.500000000;1;9496203607;S
20240131;100502;2921.500000000;1;9496204216;S
20240131;100502;2921.500000000;8;9496204218;S
20240131;100502;2921.500000000;20;9496204219;S
20240131;100502;2921.500000000;2;9496204220;S
20240131;100503;2921.000000000;1;9496204336;S
20240131;100503;2921.000000000;20;9496204337;S
20240131;100503;2921.000000000;1;9496204354;S
20240131;100503;2921.000000000;1;9496204355;S
20240131;100503;2921.000000000;1;9496204374;S
20240131;100504;2921.000000000;1;9496204490;S
20240131;100505;2921.000000000;1;9496204605;S
20240131;100506;2921.000000000;1;9496204820;S
20240131;100507;2921.000000000;1;9496204941;S
20240131;100509;2921.000000000;1;9496205242;S
20240131;100509;2921.000000000;1;9496205244;S
20240131;100509;2921.000000000;1;9496205444;S
20240131;100510;2921.500000000;1;9496205458;B
20240131;100510;2922.500000000;1;9496205652;B
20240131;100511;2922.500000000;1;9496205821;S
20240131;100511;2923.000000000;1;9496205885;B
20240131;100512;2922.500000000;1;9496206000;S
20240131;100512;2923.000000000;2;9496206078;B
20240131;100512;2923.000000000;10;9496206079;B
20240131;100512;2923.000000000;5;9496206080;B
20240131;100513;2922.500000000;12;9496206211;S
20240131;100514;2922.500000000;4;9496206274;S
20240131;100514;2922.500000000;1;9496206382;S
20240131;100514;2922.500000000;1;9496206383;S
20240131;100515;2922.500000000;2;9496206414;S
20240131;100515;2922.500000000;2;9496206601;S
20240131;100516;2922.500000000;3;9496206706;S
20240131;100517;2922.500000000;2;9496206881;S
20240131;100518;2923.000000000;1;9496207139;B
20240131;100518;2923.000000000;1;9496207140;B
20240131;100519;2922.500000000;1;9496207281;S
20240131;100520;2922.500000000;1;9496207355;S
20240131;100520;2922.500000000;1;9496207356;S
20240131;100520;2922.500000000;1;9496207377;S
20240131;100521;2922.500000000;1;9496207514;S
20240131;100522;2922.500000000;1;9496207663;S
20240131;100522;2923.000000000;1;9496207683;B
20240131;100523;2922.500000000;1;9496207768;S
20240131;100523;2923.000000000;1;9496207769;B
20240131;100523;2923.000000000;3;9496207770;B
20240131;100524;2922.500000000;2;9496207892;S
20240131;100525;2923.000000000;1;9496208039;B
20240131;100526;2922.500000000;1;9496208092;S
20240131;100526;2922.500000000;15;9496208130;S
20240131;100526;2922.500000000;1;9496208131;S
20240131;100526;2922.500000000;1;9496208132;S
20240131;100526;2922.500000000;5;9496208133;S
20240131;100526;2922.000000000;1;9496208156;S
20240131;100527;2922.500000000;54;9496208257;B
20240131;100527;2922.500000000;5;9496208258;B
20240131;100527;2922.500000000;15;9496208259;B
20240131;100528;2923.000000000;12;9496208407;S
20240131;100528;2923.000000000;27;9496208408;S
20240131;100528;2922.000000000;1;9496208409;S
20240131;100529;2924.000000000;5;9496208603;B
20240131;100530;2922.000000000;3;9496208731;S
20240131;100530;2922.000000000;1;9496208748;S
20240131;100531;2921.000000000;1;9496208882;S
20240131;100531;2921.500000000;1;9496208886;B
20240131;100531;2921.500000000;1;9496208887;B
20240131;100532;2922.500000000;1;9496209046;S
20240131;100535;2922.500000000;1;9496209605;S
20240131;100535;2923.000000000;1;9496209671;B
20240131;100536;2922.500000000;1;9496209705;S
20240131;100536;2922.500000000;1;9496209732;S
20240131;100536;2922.500000000;2;9496209763;S
20240131;100537;2922.500000000;1;9496209848;S
20240131;100537;2922.500000000;1;9496209849;S
20240131;100537;2922.500000000;2;9496209866;S
20240131;100538;2923.000000000;14;9496210089;B
20240131;100538;2922.500000000;2;9496210100;S
20240131;100538;2923.000000000;26;9496210124;B
20240131;100539;2922.500000000;1;9496210232;S
20240131;100539;2922.500000000;7;9496210271;S
20240131;100539;2922.500000000;2;9496210272;S
20240131;100540;2923.000000000;2;9496210464;B
20240131;100540;2923.000000000;13;9496210465;B
20240131;100541;2922.500000000;18;9496210538;S
20240131;100541;2922.500000000;100;9496210592;S
20240131;100542;2922.500000000;4;9496210610;S
20240131;100542;2922.500000000;10;9496210632;S
20240131;100542;2923.000000000;46;9496210651;B
20240131;100542;2923.000000000;1;9496210652;B
20240131;100542;2923.000000000;3;9496210653;B
20240131;100543;2922.500000000;1;9496210746;S
20240131;100543;2922.500000000;65;9496210784;S
20240131;100543;2922.500000000;4;9496210785;S
20240131;100544;2922.500000000;5;9496210961;S
20240131;100544;2922.500000000;10;9496210962;S
20240131;100544;2922.500000000;17;9496210966;S
20240131;100544;2921.500000000;17;9496210967;S
20240131;100544;2923.000000000;1;9496211019;B
20240131;100545;2921.000000000;10;9496211103;S
20240131;100546;2921.000000000;1;9496211266;S
20240131;100548;2922.000000000;1;9496211603;B
20240131;100548;2921.000000000;1;9496211669;S
20240131;100549;2921.000000000;1;9496211737;S
20240131;100550;2921.000000000;1;9496211883;S
20240131;100550;2921.000000000;1;9496211986;S
20240131;100552;2922.500000000;20;9496212274;B
20240131;100553;2920.500000000;13;9496212422;S
20240131;100553;2921.000000000;1;9496212467;B
20240131;100554;2920.500000000;1;9496212725;S
20240131;100554;2920.500000000;1;9496212779;S
20240131;100555;2920.500000000;1;9496212943;S
20240131;100559;2921.500000000;1;9496213889;B
20240131;100559;2922.000000000;4;9496213890;B
20240131;100600;2920.500000000;1;9496213953;S
20240131;100600;2920.500000000;3;9496214091;S
20240131;100601;2920.500000000;7;9496214231;S
20240131;100601;2920.000000000;50;9496214232;S
20240131;100601;2920.000000000;15;9496214233;S
20240131;100601;2919.500000000;11;9496214234;S
20240131;100601;2919.000000000;3;9496214235;S
20240131;100601;2919.000000000;85;9496214236;S
20240131;100601;2918.500000000;1;9496214237;S
20240131;100601;2918.000000000;20;9496214238;S
20240131;100601;2918.000000000;27;9496214239;S
20240131;100601;2917.500000000;3;9496214240;S
20240131;100601;2917.500000000;9;9496214241;S
20240131;100601;2917.500000000;180;9496214242;S
20240131;100601;2917.000000000;23;9496214243;S
20240131;100602;2919.500000000;1;9496214402;S
20240131;100602;2918.000000000;27;9496214403;S
20240131;100602;2917.500000000;30;9496214404;B
20240131;100602;2917.000000000;7;9496214405;S
20240131;100602;2917.000000000;7;9496214406;S
20240131;100602;2917.000000000;51;9496214407;S
20240131;100602;2916.500000000;20;9496214408;S
20240131;100602;2916.500000000;15;9496214409;S
20240131;100602;2916.500000000;6;9496214410;S
20240131;100602;2916.500000000;85;9496214411;S
20240131;100602;2916.500000000;27;9496214412;S
20240131;100602;2916.000000000;1;9496214414;S
20240131;100602;2916.000000000;13;9496214415;S
20240131;100603;2916.500000000;104;9496214547;S
20240131;100603;2916.500000000;5;9496214548;S
20240131;100603;2916.000000000;14;9496214549;S
20240131;100603;2916.000000000;32;9496214550;S
20240131;100603;2916.000000000;3;9496214731;S
20240131;100603;2915.500000000;1;9496214732;S
20240131;100603;2915.500000000;10;9496214733;S
20240131;100603;2915.500000000;60;9496214734;S
20240131;100603;2915.000000000;29;9496214735;S
20240131;100605;2915.500000000;1;9496214983;S
20240131;100605;2915.500000000;1;9496214984;S
20240131;100606;2916.000000000;1;9496215143;S
20240131;100607;2916.000000000;1;9496215262;S
20240131;100608;2919.500000000;30;9496215524;B
20240131;100609;2916.000000000;20;9496215676;S
20240131;100611;2916.000000000;1;9496215880;S
20240131;100611;2916.000000000;1;9496215881;S
20240131;100612;2916.000000000;1;9496216040;S
20240131;100613;2916.500000000;1;9496216278;S
20240131;100613;2916.500000000;3;9496216282;S
20240131;100613;2916.000000000;5;9496216435;S
20240131;100613;2916.000000000;9;9496216436;S
20240131;100614;2916.000000000;1;9496216502;S
20240131;100614;2916.500000000;1;9496216505;B
20240131;100614;2916.000000000;1;9496216515;S
20240131;100615;2915.500000000;11;9496216569;S
20240131;100615;2916.000000000;2;9496216646;B
20240131;100616;2915.500000000;1;9496216700;S
20240131;100616;2916.000000000;2;9496216797;B
20240131;100616;2916.000000000;1;9496216798;B
20240131;100616;2916.000000000;2;9496216799;B
20240131;100617;2915.500000000;1;9496216858;S
20240131;100617;2915.500000000;1;9496216893;S
20240131;100617;2915.500000000;75;9496216920;S
20240131;100617;2915.500000000;2;9496216949;S
20240131;100618;2916.000000000;1;9496217015;S
20240131;100618;2916.000000000;5;9496217016;S
20240131;100618;2915.500000000;51;9496217057;S
20240131;100618;2915.500000000;1;9496217107;S
20240131;100618;2916.000000000;2;9496217134;B
20240131;100618;2916.000000000;20;9496217139;B
20240131;100619;2916.000000000;1;9496217176;B
20240131;100619;2915.500000000;5;9496217235;S
20240131;100619;2916.000000000;50;9496217282;B
20240131;100620;2915.500000000;15;9496217345;S
20240131;100621;2915.500000000;33;9496217455;S
20240131;100622;2915.500000000;1;9496217662;S
20240131;100622;2915.500000000;1;9496217663;S
20240131;100623;2915.500000000;1;9496217796;S
20240131;100624;2915.500000000;51;9496217855;S
20240131;100624;2915.500000000;13;9496217856;S
20240131;100624;2915.500000000;7;9496217901;S
20240131;100624;2915.500000000;5;9496217902;S
20240131;100624;2915.500000000;8;9496217903;S
20240131;100625;2915.500000000;43;9496217959;S
20240131;100626;2915.500000000;14;9496218130;S
20240131;100626;2915.500000000;25;9496218260;S
20240131;100627;2916.000000000;1;9496218309;B
20240131;100627;2915.500000000;3;9496218363;S
20240131;100627;2915.500000000;16;9496218375;S
20240131;100628;2915.500000000;1;9496218458;S
20240131;100628;2915.500000000;1;9496218459;S
20240131;100629;2915.500000000;3;9496218602;S
20240131;100629;2915.500000000;1;9496218603;S
20240131;100630;2916.000000000;4;9496218750;B
20240131;100631;2915.500000000;3;9496218893;S
20240131;100632;2916.000000000;16;9496219146;B
20240131;100632;2916.000000000;1;9496219147;B
20240131;100633;2916.500000000;1;9496219316;B
20240131;100633;2916.500000000;1;9496219317;B
20240131;100633;2916.000000000;5;9496219356;S
20240131;100633;2916.000000000;6;9496219357;S
20240131;100634;2915.500000000;2;9496219535;S
20240131;100636;2916.000000000;5;9496219684;B
20240131;100636;2917.000000000;3;9496219827;B
20240131;100636;2917.500000000;6;9496219828;B
20240131;100637;2916.000000000;2;9496219900;S
20240131;100637;2916.000000000;1;9496219954;S
20240131;100637;2916.000000000;3;9496219955;S
20240131;100637;2916.000000000;5;9496219961;S
20240131;100638;2915.500000000;1;9496220094;S
20240131;100638;2916.000000000;1;9496220207;B
20240131;100638;2916.000000000;4;9496220208;B
20240131;100639;2916.000000000;5;9496220334;S
20240131;100639;2916.000000000;1;9496220337;S
20240131;100639;2916.500000000;1;9496220356;B
20240131;100639;2916.500000000;4;9496220357;B
20240131;100639;2917.000000000;5;9496220358;B
20240131;100639;2918.000000000;12;9496220359;B
20240131;100640;2916.000000000;12;9496220584;S
20240131;100644;2916.000000000;10;9496221103;S
20240131;100645;2916.000000000;7;9496221219;S
20240131;100645;2916.000000000;1;9496221237;S
20240131;100645;2916.000000000;1;9496221238;S
20240131;100646;2916.000000000;5;9496221334;S
20240131;100646;2916.000000000;1;9496221342;S
20240131;100647;2916.000000000;5;9496221611;S
20240131;100648;2916.000000000;9;9496221759;S
20240131;100648;2916.000000000;2;9496221760;S
20240131;100648;2916.000000000;6;9496221761;S
20240131;100648;2915.500000000;4;9496221784;S
20240131;100649;2916.000000000;5;9496221881;B
20240131;100649;2916.000000000;13;9496221882;B
20240131;100649;2916.000000000;1;9496221972;B
20240131;100651;2915.500000000;1;9496222145;S
20240131;100651;2915.500000000;1;9496222146;S
20240131;100651;2915.500000000;4;9496222147;S
20240131;100651;2916.000000000;1;9496222148;B
20240131;100652;2916.000000000;2;9496222236;S
20240131;100652;2916.500000000;5;9496222286;B
20240131;100652;2917.500000000;6;9496222287;B
20240131;100652;2918.000000000;63;9496222288;B
20240131;100652;2919.000000000;27;9496222289;B
20240131;100652;2919.000000000;74;9496222290;B
20240131;100652;2919.500000000;202;9496222291;B
20240131;100653;2917.000000000;6;9496222407;S
20240131;100653;2916.500000000;35;9496222408;S
20240131;100653;2916.500000000;160;9496222409;S
20240131;100653;2916.500000000;3;9496222410;S
20240131;100653;2916.000000000;30;9496222411;S
20240131;100653;2916.000000000;17;9496222412;S
20240131;100656;2917.500000000;1;9496222929;S
20240131;100656;2917.500000000;1;9496222930;S
20240131;100657;2918.000000000;1;9496223038;S
20240131;100659;2917.500000000;10;9496223423;S
20240131;100659;2917.500000000;10;9496223449;S
20240131;100700;2917.500000000;7;9496223584;S
20240131;100701;2917.500000000;7;9496223707;S
20240131;100702;2917.500000000;1;9496223797;S
20240131;100702;2917.500000000;1;9496223844;S
20240131;100702;2917.500000000;1;9496223846;S
20240131;100702;2917.500000000;2;9496223850;S
20240131;100703;2917.500000000;1;9496223973;S
20240131;100703;2917.500000000;1;9496223999;S
20240131;100703;2918.000000000;1;9496224009;B
20240131;100704;2917.500000000;2;9496224091;S
20240131;100706;2918.000000000;4;9496224455;B
20240131;100706;2918.000000000;6;9496224456;B
20240131;100706;2917.500000000;1;9496224463;S
20240131;100707;2917.500000000;1;9496224556;S
20240131;100707;2918.000000000;1;9496224636;B
20240131;100707;2917.500000000;7;9496224652;S
20240131;100708;2917.500000000;1;9496224742;S
20240131;100708;2917.500000000;1;9496224743;S
20240131;100709;2917.500000000;2;9496224956;S
20240131;100709;2917.500000000;1;9496225075;S
20240131;100712;2917.500000000;1;9496225390;S
20240131;100712;2917.500000000;1;9496225427;S
20240131;100712;2917.500000000;9;9496225491;S
20240131;100712;2917.500000000;10;9496225538;S
20240131;100712;2918.000000000;5;9496225661;B
20240131;100712;2917.500000000;22;9496225666;S
20240131;100713;2917.000000000;1;9496225727;S
20240131;100713;2917.000000000;1;9496225873;S
20240131;100713;2917.000000000;1;9496225874;S
20240131;100713;2917.500000000;25;9496225886;B
20240131;100714;2917.000000000;6;9496225909;S
20240131;100714;2918.000000000;1;9496225910;B
20240131;100714;2917.000000000;1;9496226080;S
20240131;100715;2917.000000000;1;9496226297;S
20240131;100716;2917.000000000;1;9496226466;S
20240131;100719;2917.000000000;1;9496226995;S
20240131;100719;2917.000000000;1;9496226996;S
20240131;100720;2917.000000000;1;9496227227;S
20240131;100722;2917.000000000;1;9496227542;S
20240131;100723;2917.500000000;1;9496227714;B
20240131;100724;2917.000000000;84;9496227808;S
20240131;100724;2917.000000000;16;9496227809;S
20240131;100724;2917.000000000;6;9496227952;S
20240131;100724;2916.500000000;61;9496227953;S
20240131;100725;2916.500000000;1;9496227992;S
20240131;100725;2916.500000000;1;9496227993;S
20240131;100725;2917.000000000;1;9496228052;B
20240131;100727;2917.000000000;1;9496228400;B
20240131;100728;2916.500000000;2;9496228500;S
20240131;100728;2916.500000000;1;9496228518;S
20240131;100729;2916.500000000;1;9496228640;S
20240131;100730;2916.000000000;1;9496228805;S
20240131;100730;2916.000000000;1;9496228806;S
20240131;100731;2916.000000000;1;9496228988;S
20240131;100733;2916.000000000;1;9496229321;S
20240131;100734;2917.500000000;4;9496229386;B
20240131;100734;2917.500000000;31;9496229387;B
20240131;100734;2916.500000000;3;9496229444;B
20240131;100735;2916.000000000;5;9496229466;S
20240131;100735;2916.000000000;6;9496229467;S
20240131;100735;2915.500000000;7;9496229468;S
20240131;100735;2915.500000000;1;9496229469;S
20240131;100735;2915.500000000;1;9496229470;S
20240131;100736;2915.500000000;1;9496229641;S
20240131;100736;2915.500000000;1;9496229643;S
20240131;100737;2915.500000000;1;9496229732;S
20240131;100740;2916.000000000;1;9496230181;S
20240131;100740;2916.000000000;1;9496230182;S
20240131;100740;2916.000000000;1;9496230183;S
20240131;100741;2915.500000000;2;9496230317;S
20240131;100742;2915.500000000;1;9496230532;S
20240131;100742;2915.500000000;1;9496230533;S
20240131;100743;2915.500000000;1;9496230707;S
20240131;100744;2915.500000000;1;9496230881;S
20240131;100745;2917.000000000;5;9496231061;B
20240131;100746;2915.500000000;3;9496231212;S
20240131;100747;2916.500000000;1;9496231368;B
20240131;100747;2917.500000000;1;9496231369;B
20240131;100747;2916.000000000;1;9496231381;B
20240131;100747;2916.000000000;1;9496231382;B
20240131;100747;2917.500000000;12;9496231383;B
20240131;100747;2915.500000000;5;9496231406;S
20240131;100747;2915.500000000;1;9496231431;S
20240131;100747;2915.500000000;2;9496231433;S
20240131;100747;2915.500000000;18;9496231435;S
20240131;100747;2915.500000000;4;9496231436;S
20240131;100747;2915.500000000;4;9496231438;S
20240131;100747;2915.500000000;8;9496231439;S
20240131;100747;2915.500000000;6;9496231440;S
20240131;100747;2915.500000000;1;9496231441;S
20240131;100747;2915.500000000;4;9496231442;S
20240131;100747;2915.500000000;7;9496231443;S
20240131;100747;2915.500000000;2;9496231444;S
20240131;100747;2915.500000000;2;9496231445;S
20240131;100747;2915.500000000;2;9496231446;S
20240131;100747;2915.500000000;1;9496231447;S
20240131;100747;2915.500000000;1;9496231448;S
20240131;100748;2915.500000000;9;9496231521;S
20240131;100750;2915.500000000;45;9496231906;S
20240131;100753;2915.500000000;40;9496232242;S
20240131;100753;2915.500000000;2;9496232243;S
20240131;100753;2915.500000000;1;9496232244;S
20240131;100753;2915.500000000;39;9496232245;S
20240131;100753;2916.000000000;1;9496232253;B
20240131;100753;2916.000000000;1;9496232254;B
20240131;100753;2915.500000000;1;9496232265;S
20240131;100753;2916.000000000;54;9496232298;B
20240131;100753;2916.000000000;6;9496232299;B
20240131;100756;2916.500000000;1;9496232915;B
20240131;100757;2916.000000000;6;9496233060;S
20240131;100759;2916.000000000;1;9496233579;S
20240131;100759;2916.000000000;1;9496233581;S
20240131;100759;2916.000000000;40;9496233696;S
20240131;100800;2916.000000000;1;9496233740;S
20240131;100800;2916.500000000;1;9496233751;B
20240131;100801;2916.000000000;27;9496233904;S
20240131;100802;2916.500000000;1;9496234183;B
20240131;100802;2916.000000000;1;9496234264;S
20240131;100803;2916.000000000;2;9496234394;S
20240131;100803;2916.000000000;15;9496234409;S
20240131;100804;2916.000000000;2;9496234593;S
20240131;100804;2916.000000000;1;9496234701;S
20240131;100804;2916.000000000;1;9496234702;S
20240131;100804;2916.000000000;10;9496234707;S
20240131;100809;2916.000000000;1;9496235450;S
20240131;100810;2916.000000000;1;9496235585;S
20240131;100810;2916.000000000;1;9496235586;S
20240131;100810;2916.500000000;1;9496235598;B
20240131;100810;2916.500000000;9;9496235617;B
20240131;100810;2916.500000000;1;9496235618;B
20240131;100811;2916.000000000;1;9496235720;S
20240131;100814;2916.000000000;8;9496236211;S
20240131;100815;2916.000000000;20;9496236341;S
20240131;100815;2916.000000000;24;9496236342;S
20240131;100816;2916.000000000;1;9496236415;S
20240131;100816;2916.000000000;1;9496236416;S
20240131;100816;2916.000000000;24;9496236513;S
20240131;100816;2916.000000000;5;9496236514;S
20240131;100820;2916.500000000;1;9496236986;B
20240131;100821;2916.000000000;1;9496237081;S
20240131;100821;2916.000000000;1;9496237169;S
20240131;100821;2916.000000000;1;9496237170;S
20240131;100822;2916.000000000;2;9496237211;S
20240131;100822;2916.500000000;20;9496237222;B
20240131;100822;2916.000000000;2;9496237319;S
20240131;100823;2916.000000000;1;9496237478;S
20240131;100823;2915.500000000;14;9496237481;S
20240131;100827;2915.500000000;1;9496238106;S
20240131;100827;2915.500000000;3;9496238107;S
20240131;100827;2915.500000000;1;9496238108;S
20240131;100828;2916.000000000;1;9496238248;B
20240131;100828;2915.500000000;1;9496238293;S
20240131;100829;2915.500000000;3;9496238365;S
20240131;100831;2915.500000000;50;9496238675;S
20240131;100832;2915.500000000;33;9496238786;S
20240131;100833;2915.500000000;1;9496238852;S
20240131;100833;2915.500000000;1;9496238853;S
20240131;100834;2915.500000000;1;9496238984;S
20240131;100835;2915.500000000;1;9496239060;S
20240131;100838;2915.500000000;1;9496239811;S
20240131;100838;2915.500000000;1;9496239812;S
20240131;100839;2915.500000000;1;9496239967;S
20240131;100839;2916.000000000;2;9496240003;B
20240131;100839;2916.500000000;21;9496240004;B
20240131;100839;2916.500000000;2;9496240005;B
20240131;100840;2916.000000000;17;9496240188;B
20240131;100840;2916.500000000;3;9496240189;B
20240131;100840;2916.500000000;5;9496240190;B
20240131;100840;2915.500000000;3;9496240226;S
20240131;100841;2916.500000000;5;9496240292;B
20240131;100841;2917.000000000;1;9496240293;B
20240131;100842;2915.500000000;3;9496240421;S
20240131;100843;2917.000000000;9;9496240526;B
20240131;100843;2917.000000000;1;9496240527;B
20240131;100844;2917.000000000;6;9496240629;S
20240131;100844;2917.000000000;1;9496240697;S
20240131;100845;2917.500000000;27;9496240792;B
20240131;100845;2917.500000000;7;9496240793;B
20240131;100845;2918.000000000;1;9496240794;B
20240131;100846;2917.500000000;1;9496240860;S
20240131;100846;2917.500000000;24;9496240890;S
20240131;100847;2917.500000000;1;9496241045;S
20240131;100847;2917.500000000;7;9496241063;S
20240131;100848;2917.500000000;5;9496241218;S
20240131;100850;2917.500000000;1;9496241449;S
20240131;100850;2917.500000000;1;9496241450;S
20240131;100851;2917.500000000;1;9496241507;S
20240131;100852;2917.500000000;27;9496241760;S
20240131;100852;2918.000000000;7;9496241842;B
20240131;100852;2918.000000000;12;9496241843;B
20240131;100853;2917.500000000;18;9496241914;S
20240131;100854;2917.500000000;13;9496242049;S
20240131;100855;2918.000000000;15;9496242268;B
20240131;100855;2918.000000000;10;9496242269;B
20240131;100855;2917.500000000;1;9496242330;S
20240131;100855;2917.500000000;1;9496242331;S
20240131;100856;2917.500000000;16;9496242497;S
20240131;100857;2917.500000000;2;9496242605;S
20240131;100857;2918.000000000;25;9496242624;B
20240131;100858;2917.500000000;16;9496242747;S
20240131;100900;2918.000000000;1;9496243062;B
20240131;100901;2917.500000000;1;9496243153;S
20240131;100901;2917.500000000;1;9496243155;S
20240131;100901;2917.500000000;1;9496243165;S
20240131;100902;2918.000000000;2;9496243335;B
20240131;100903;2917.500000000;3;9496243500;S
20240131;100903;2918.000000000;4;9496243587;B
20240131;100904;2917.500000000;3;9496243691;S
20240131;100904;2917.500000000;2;9496243732;S
20240131;100905;2917.500000000;2;9496243864;S
20240131;100907;2917.500000000;1;9496244164;S
20240131;100907;2917.500000000;1;9496244165;S
20240131;100907;2918.000000000;43;9496244170;B
20240131;100907;2918.000000000;7;9496244171;B
20240131;100908;2917.500000000;1;9496244260;S
20240131;100908;2918.000000000;3;9496244382;B
20240131;100909;2917.500000000;34;9496244458;S
20240131;100910;2917.500000000;1;9496244708;S
20240131;100910;2917.500000000;14;9496244709;S
20240131;100910;2917.500000000;1;9496244710;S
20240131;100910;2917.500000000;1;9496244711;S
20240131;100910;2917.000000000;2;9496244721;S
20240131;100910;2917.500000000;7;9496244762;B
20240131;100910;2917.000000000;6;9496244763;S
20240131;100910;2917.000000000;4;9496244764;S
20240131;100910;2917.000000000;2;9496244765;S
20240131;100911;2916.500000000;11;9496244844;S
20240131;100911;2917.000000000;5;9496244845;B
20240131;100912;2916.500000000;16;9496244969;S
20240131;100912;2917.000000000;30;9496245039;B
20240131;100912;2917.000000000;7;9496245040;B
20240131;100912;2917.000000000;1;9496245041;B
20240131;100912;2917.500000000;46;9496245042;B
20240131;100912;2916.500000000;1;9496245153;S
20240131;100913;2916.500000000;56;9496245205;S
20240131;100914;2916.500000000;1;9496245340;S
20240131;100915;2917.000000000;3;9496245586;B
20240131;100916;2916.500000000;2;9496245865;S
20240131;100918;2916.500000000;1;9496246342;S
20240131;100918;2916.500000000;1;9496246343;S
20240131;100919;2916.500000000;1;9496246510;S
20240131;100924;2917.000000000;1;9496247239;S
20240131;100924;2917.000000000;1;9496247240;S
20240131;100925;2917.000000000;1;9496247341;S
20240131;100925;2917.000000000;1;9496247378;S
20240131;100926;2917.000000000;1;9496247527;S
20240131;100930;2917.000000000;1;9496248026;S
20240131;100930;2917.000000000;1;9496248027;S
20240131;100930;2917.000000000;1;9496248151;S
20240131;100930;2917.000000000;5;9496248153;S
20240131;100931;2917.000000000;1;9496248281;S
20240131;100932;2917.000000000;3;9496248434;S
20240131;100933;2917.500000000;7;9496248492;B
20240131;100933;2917.500000000;30;9496248493;B
20240131;100933;2917.500000000;25;9496248661;S
20240131;100935;2917.500000000;4;9496248835;S
20240131;100935;2917.500000000;2;9496248973;S
20240131;100935;2917.500000000;1;9496248995;S
20240131;100935;2917.500000000;1;9496248996;S
20240131;100936;2917.500000000;2;9496249075;S
20240131;100936;2917.500000000;3;9496249200;S
20240131;100939;2917.500000000;5;9496249652;S
20240131;100940;2917.500000000;4;9496249764;S
20240131;100940;2917.500000000;8;9496249767;S
20240131;100940;2917.000000000;3;9496249797;S
20240131;100941;2917.000000000;1;9496249879;S
20240131;100941;2917.000000000;1;9496249880;S
20240131;100942;2917.000000000;9;9496250014;S
20240131;100942;2917.000000000;5;9496250029;S
20240131;100943;2917.000000000;1;9496250107;S
20240131;100944;2917.000000000;3;9496250234;S
20240131;100947;2917.000000000;1;9496250561;S
20240131;100947;2917.000000000;1;9496250562;S
20240131;100947;2917.000000000;1;9496250692;S
20240131;100950;2917.000000000;5;9496251016;S
20240131;100951;2917.000000000;2;9496251146;S
20240131;100951;2917.000000000;2;9496251147;S
20240131;100952;2917.000000000;1;9496251290;S
20240131;100952;2917.000000000;1;9496251291;S
20240131;100953;2917.000000000;1;9496251411;S
20240131;100953;2917.000000000;1;9496251434;S
20240131;100954;2917.000000000;1;9496251510;S
20240131;100954;2917.000000000;1;9496251561;S
20240131;100958;2917.500000000;1;9496251958;B
20240131;100958;2917.000000000;1;9496251963;S
20240131;100958;2917.000000000;1;9496251964;S
20240131;100959;2917.000000000;1;9496252075;S
20240131;101000;2917.000000000;1;9496252243;S
20240131;101002;2917.000000000;13;9496252843;S
20240131;101003;2917.000000000;9;9496252982;S
20240131;101003;2917.500000000;1;9496253079;B
20240131;101004;2917.000000000;1;9496253125;S
20240131;101004;2917.000000000;1;9496253126;S
20240131;101004;2917.000000000;1;9496253252;S
20240131;101005;2917.500000000;7;9496253392;B
20240131;101005;2917.500000000;18;9496253393;B
20240131;101005;2917.500000000;1;9496253396;B
20240131;101006;2917.000000000;13;9496253508;S
20240131;101006;2917.000000000;5;9496253509;S
20240131;101006;2917.000000000;15;9496253510;S
20240131;101007;2917.000000000;1;9496253644;S
20240131;101007;2917.000000000;2;9496253645;S
20240131;101007;2917.000000000;7;9496253646;S
20240131;101009;2917.500000000;1;9496253889;B
20240131;101009;2917.000000000;1;9496253922;S
20240131;101009;2917.000000000;1;9496253923;S
20240131;101010;2917.000000000;17;9496253983;S
20240131;101010;2917.000000000;1;9496253984;S
20240131;101010;2916.500000000;1;9496254003;S
20240131;101011;2917.000000000;2;9496254110;B
20240131;101011;2916.500000000;13;9496254121;S
20240131;101012;2916.500000000;2;9496254240;S
20240131;101015;2916.500000000;1;9496254659;S
20240131;101015;2916.500000000;1;9496254660;S
20240131;101015;2916.500000000;15;9496254712;S
20240131;101016;2916.500000000;1;9496254810;S
20240131;101017;2916.500000000;10;9496254986;S
20240131;101019;2916.500000000;35;9496255258;S
20240131;101020;2916.500000000;23;9496255381;S
20240131;101020;2917.000000000;15;9496255406;B
20240131;101021;2916.500000000;1;9496255490;S
20240131;101021;2916.500000000;1;9496255491;S
20240131;101021;2916.500000000;10;9496255517;S
20240131;101022;2916.500000000;2;9496255680;S
20240131;101024;2916.500000000;10;9496255965;S
20240131;101025;2916.500000000;6;9496256073;S
20240131;101026;2916.500000000;5;9496256224;S
20240131;101026;2916.500000000;1;9496256248;S
20240131;101026;2916.500000000;1;9496256249;S
20240131;101027;2916.500000000;4;9496256335;S
20240131;101027;2917.000000000;1;9496256400;B
20240131;101028;2916.500000000;12;9496256479;S
20240131;101028;2916.500000000;2;9496256513;S
20240131;101029;2916.500000000;53;9496256544;S
20240131;101029;2916.500000000;4;9496256545;S
20240131;101030;2916.000000000;46;9496256705;S
20240131;101031;2916.500000000;1;9496256871;B
20240131;101032;2916.000000000;1;9496256970;S
20240131;101032;2916.000000000;1;9496256971;S
20240131;101033;2916.000000000;1;9496257077;S
20240131;101035;2916.500000000;3;9496257359;B
20240131;101035;2916.000000000;1;9496257406;S
20240131;101037;2916.000000000;2;9496257600;S
20240131;101037;2916.500000000;3;9496257612;B
20240131;101037;2916.000000000;47;9496257613;S
20240131;101038;2916.000000000;1;9496257688;S
20240131;101038;2916.000000000;1;9496257689;S
20240131;101038;2916.000000000;2;9496257704;S
20240131;101039;2916.000000000;1;9496257936;S
20240131;101039;2916.000000000;5;9496257937;S
20240131;101039;2915.500000000;26;9496257938;S
20240131;101040;2915.500000000;5;9496258029;S
20240131;101041;2915.500000000;4;9496258100;S
20240131;101043;2915.500000000;1;9496258394;S
20240131;101043;2915.500000000;1;9496258398;S
20240131;101043;2915.500000000;1;9496258399;S
20240131;101044;2915.500000000;1;9496258588;S
20240131;101045;2915.500000000;1;9496258694;S
20240131;101048;2915.500000000;1;9496259020;S
20240131;101048;2915.500000000;15;9496259021;S
20240131;101048;2915.500000000;44;9496259022;S
20240131;101049;2915.500000000;40;9496259163;S
20240131;101049;2915.500000000;1;9496259164;S
20240131;101049;2915.500000000;1;9496259166;S
20240131;101050;2915.500000000;1;9496259282;S
20240131;101051;2916.000000000;27;9496259397;B
20240131;101051;2916.000000000;7;9496259398;B
20240131;101051;2916.000000000;1;9496259399;B
20240131;101052;2916.000000000;23;9496259491;S
20240131;101053;2916.000000000;24;9496259642;S
20240131;101053;2916.000000000;2;9496259643;S
20240131;101053;2916.000000000;12;9496259644;S
20240131;101054;2916.000000000;26;9496259738;S
20240131;101055;2916.000000000;1;9496259937;S
20240131;101055;2916.000000000;1;9496259938;S
20240131;101055;2916.000000000;1;9496260013;S
20240131;101100;2916.000000000;2;9496260517;S
20240131;101100;2916.000000000;1;9496260518;S
20240131;101100;2916.000000000;1;9496260519;S
20240131;101100;2916.000000000;1;9496260520;S
20240131;101100;2915.500000000;1;9496260554;S
20240131;101100;2915.500000000;1;9496260555;S
20240131;101101;2915.500000000;3;9496260635;S
20240131;101102;2915.500000000;2;9496260811;S
20240131;101106;2915.500000000;1;9496261141;S
20240131;101106;2915.500000000;1;9496261142;S
20240131;101106;2915.500000000;1;9496261162;S
20240131;101107;2916.000000000;3;9496261230;B
20240131;101107;2915.500000000;1;9496261275;S
20240131;101108;2915.500000000;3;9496261347;S
20240131;101109;2915.500000000;2;9496261525;S
20240131;101110;2915.500000000;1;9496261585;S
20240131;101110;2915.500000000;1;9496261656;S
20240131;101112;2915.500000000;1;9496261797;S
20240131;101112;2915.500000000;1;9496261798;S
20240131;101113;2915.500000000;1;9496261899;S
20240131;101113;2915.500000000;5;9496262021;S
20240131;101113;2915.500000000;35;9496262027;S
20240131;101113;2915.500000000;1;9496262029;S
20240131;101114;2915.500000000;1;9496262063;S
20240131;101114;2915.500000000;27;9496262148;S
20240131;101117;2915.500000000;1;9496262437;S
20240131;101117;2915.500000000;1;9496262438;S
20240131;101118;2915.500000000;1;9496262532;S
20240131;101120;2915.500000000;1;9496262793;S
20240131;101123;2915.500000000;3;9496263069;S
20240131;101123;2915.500000000;1;9496263089;S
20240131;101123;2915.500000000;1;9496263090;S
20240131;101124;2915.500000000;2;9496263189;S
20240131;101125;2915.500000000;1;9496263346;S
20240131;101125;2915.500000000;2;9496263382;S
20240131;101125;2915.500000000;50;9496263384;S
20240131;101126;2915.500000000;35;9496263464;S
20240131;101126;2916.000000000;1;9496263479;B
20240131;101129;2915.500000000;1;9496263696;S
20240131;101129;2915.500000000;1;9496263697;S
20240131;101129;2915.500000000;250;9496263774;S
20240131;101130;2915.500000000;1;9496263791;S
20240131;101133;2915.500000000;9;9496264122;S
20240131;101133;2915.500000000;167;9496264188;S
20240131;101134;2916.000000000;3;9496264264;B
20240131;101134;2915.500000000;6;9496264266;S
20240131;101134;2915.500000000;1;9496264267;S
20240131;101134;2915.500000000;1;9496264268;S
20240131;101135;2915.500000000;10;9496264339;S
20240131;101135;2915.500000000;77;9496264340;S
20240131;101135;2915.500000000;3;9496264345;S
20240131;101135;2915.500000000;1;9496264352;S
20240131;101136;2916.000000000;18;9496264397;B
20240131;101136;2916.000000000;17;9496264398;B
20240131;101136;2915.500000000;6;9496264408;S
20240131;101136;2915.500000000;1;9496264409;S
20240131;101136;2915.500000000;10;9496264410;S
20240131;101136;2915.500000000;1;9496264411;S
20240131;101136;2915.500000000;2;9496264412;S
20240131;101136;2915.500000000;1;9496264413;S
20240131;101136;2915.500000000;4;9496264414;S
20240131;101136;2915.500000000;59;9496264458;S
20240131;101137;2915.500000000;187;9496264528;S
20240131;101137;2915.000000000;213;9496264529;S
20240131;101137;2915.000000000;108;9496264530;S
20240131;101137;2915.000000000;2;9496264531;S
20240131;101137;2915.000000000;2;9496264532;S
20240131;101137;2915.000000000;73;9496264533;S
20240131;101137;2915.000000000;50;9496264534;S
20240131;101137;2915.000000000;2;9496264535;S
20240131;101137;2915.000000000;2;9496264536;S
20240131;101137;2915.000000000;1;9496264537;S
20240131;101137;2915.000000000;100;9496264538;S
20240131;101137;2915.000000000;1;9496264539;S
20240131;101137;2915.000000000;13;9496264540;S
20240131;101137;2915.000000000;20;9496264541;S
20240131;101137;2914.000000000;2;9496264543;S
20240131;101137;2914.000000000;4;9496264544;S
20240131;101137;2914.000000000;15;9496264545;S
20240131;101137;2913.500000000;6;9496264546;S
20240131;101137;2913.000000000;2;9496264547;S
20240131;101137;2913.000000000;10;9496264548;S
20240131;101137;2913.000000000;1;9496264549;S
20240131;101137;2912.500000000;3;9496264552;S
20240131;101137;2912.500000000;1;9496264553;S
20240131;101137;2912.500000000;2;9496264554;S
20240131;101137;2912.500000000;1;9496264568;S
20240131;101137;2912.500000000;31;9496264577;S
20240131;101137;2912.000000000;9;9496264578;S
20240131;101137;2912.000000000;4;9496264610;S
20240131;101137;2912.000000000;35;9496264617;S
20240131;101137;2912.000000000;10;9496264618;S
20240131;101137;2911.500000000;20;9496264619;S
20240131;101137;2911.500000000;31;9496264620;S
20240131;101138;2911.500000000;19;9496264676;S
20240131;101138;2911.500000000;5;9496264677;S
20240131;101138;2911.500000000;2;9496264678;S
20240131;101138;2911.500000000;34;9496264679;S
20240131;101138;2911.500000000;6;9496264680;S
20240131;101138;2911.500000000;16;9496264681;S
20240131;101138;2911.500000000;1;9496264682;S
20240131;101138;2911.000000000;1;9496264693;S
20240131;101138;2911.000000000;1;9496264694;S
20240131;101138;2911.000000000;1;9496264695;S
20240131;101138;2910.500000000;1;9496264696;S
20240131;101138;2910.500000000;100;9496264697;S
20240131;101138;2910.500000000;3;9496264698;S
20240131;101138;2910.000000000;10;9496264699;S
20240131;101138;2910.000000000;15;9496264700;S
20240131;101138;2910.000000000;20;9496264701;S
20240131;101138;2910.000000000;3;9496264702;S
20240131;101138;2910.000000000;50;9496264703;S
20240131;101138;2910.000000000;1;9496264704;S
20240131;101138;2910.000000000;4;9496264705;S
20240131;101138;2910.000000000;20;9496264706;S
20240131;101138;2910.000000000;1;9496264707;S
20240131;101138;2910.000000000;1;9496264708;S
20240131;101138;2910.000000000;9;9496264709;S
20240131;101138;2910.000000000;10;9496264710;S
20240131;101138;2910.000000000;20;9496264711;S
20240131;101138;2910.000000000;34;9496264712;S
20240131;101138;2909.500000000;60;9496264713;S
20240131;101138;2909.500000000;9;9496264714;S
20240131;101138;2909.000000000;1;9496264715;S
20240131;101138;2909.000000000;2;9496264716;S
20240131;101138;2909.000000000;1;9496264717;S
20240131;101138;2908.500000000;15;9496264718;S
20240131;101138;2908.000000000;3;9496264719;S
20240131;101138;2908.000000000;1;9496264720;S
20240131;101138;2908.000000000;1;9496264721;S
20240131;101138;2908.000000000;1;9496264722;S
20240131;101138;2908.000000000;85;9496264723;S
20240131;101138;2908.000000000;87;9496264724;S
20240131;101138;2907.500000000;3;9496264725;S
20240131;101138;2907.500000000;78;9496264726;S
20240131;101138;2908.000000000;50;9496264744;S
20240131;101138;2907.500000000;11;9496264777;S
20240131;101138;2907.500000000;41;9496264782;S
20240131;101138;2907.500000000;15;9496264797;S
20240131;101139;2907.500000000;4;9496264817;S
20240131;101139;2907.500000000;1;9496264820;S
20240131;101139;2907.500000000;199;9496264903;S
20240131;101139;2907.500000000;25;9496264904;S
20240131;101139;2907.500000000;191;9496264912;S
20240131;101139;2908.000000000;10;9496264916;B
20240131;101139;2907.500000000;70;9496264941;S
20240131;101139;2907.500000000;41;9496264962;S
20240131;101139;2907.500000000;11;9496264966;S
20240131;101140;2907.500000000;50;9496265034;S
20240131;101140;2907.500000000;20;9496265035;S
20240131;101140;2907.500000000;1;9496265036;S
20240131;101140;2907.500000000;46;9496265037;S
20240131;101140;2907.500000000;100;9496265038;S
20240131;101140;2907.500000000;14;9496265039;S
20240131;101140;2908.000000000;40;9496265045;B
20240131;101140;2908.000000000;1;9496265046;B
20240131;101140;2908.000000000;10;9496265047;B
20240131;101140;2908.000000000;1;9496265049;S
20240131;101141;2908.000000000;47;9496265148;S
20240131;101141;2908.000000000;75;9496265149;S
20240131;101141;2908.000000000;2;9496265187;S
20240131;101141;2908.500000000;1;9496265198;B
20240131;101142;2908.000000000;23;9496265263;S
20240131;101142;2908.000000000;5;9496265264;S
20240131;101142;2907.500000000;10;9496265265;S
20240131;101142;2908.500000000;1;9496265271;B
20240131;101142;2907.500000000;1;9496265316;S
20240131;101142;2907.000000000;1;9496265317;S
20240131;101142;2907.000000000;8;9496265318;S
20240131;101142;2908.000000000;1;9496265366;B
20240131;101143;2907.500000000;19;9496265401;S
20240131;101143;2907.500000000;5;9496265402;S
20240131;101143;2908.500000000;1;9496265414;B
20240131;101143;2908.500000000;1;9496265415;B
20240131;101144;2907.500000000;1;9496265523;S
20240131;101144;2907.000000000;1;9496265526;S
20240131;101144;2907.000000000;6;9496265527;S
20240131;101144;2908.000000000;1;9496265575;B
20240131;101144;2907.500000000;3;9496265578;S
20240131;101144;2908.000000000;1;9496265593;B
20240131;101145;2907.500000000;1;9496265672;B
20240131;101145;2907.500000000;1;9496265673;B
20240131;101146;2908.000000000;3;9496265781;S
20240131;101146;2908.000000000;15;9496265839;S
20240131;101147;2908.000000000;2;9496265840;S
20240131;101147;2907.500000000;3;9496265841;S
20240131;101147;2908.000000000;1;9496265860;S
20240131;101147;2907.000000000;10;9496265906;S
20240131;101149;2907.500000000;4;9496266048;S
20240131;101149;2908.000000000;4;9496266111;B
20240131;101150;2907.500000000;3;9496266209;S
20240131;101151;2907.500000000;1;9496266382;S
20240131;101151;2907.500000000;1;9496266384;S
20240131;101152;2907.500000000;1;9496266543;S
20240131;101153;2908.000000000;2;9496266684;S
20240131;101154;2908.000000000;1;9496266788;S
20240131;101156;2908.000000000;32;9496266942;S
20240131;101156;2907.500000000;24;9496266943;S
20240131;101157;2908.000000000;35;9496266999;S
20240131;101157;2907.500000000;3;9496267000;S
20240131;101157;2907.500000000;1;9496267006;S
20240131;101157;2907.500000000;1;9496267007;S
20240131;101158;2907.500000000;10;9496267100;S
20240131;101158;2907.500000000;1;9496267122;S
20240131;101159;2908.000000000;5;9496267175;B
20240131;101159;2907.500000000;2;9496267194;S
20240131;101201;2908.000000000;1;9496267476;B
20240131;101202;2908.000000000;1;9496267538;B
20240131;101202;2907.500000000;5;9496267552;S
20240131;101203;2907.500000000;1;9496267606;S
20240131;101203;2907.500000000;1;9496267607;S
20240131;101203;2907.500000000;1;9496267630;S
20240131;101203;2908.000000000;2;9496267703;B
20240131;101204;2907.500000000;1;9496267735;S
20240131;101204;2907.500000000;5;9496267753;S
20240131;101204;2907.500000000;19;9496267782;S
20240131;101205;2907.500000000;2;9496267858;S
20240131;101205;2907.500000000;2;9496267895;S
20240131;101206;2907.500000000;12;9496267946;S
20240131;101206;2908.000000000;1;9496268021;B
20240131;101206;2908.000000000;5;9496268022;B
20240131;101206;2908.000000000;4;9496268023;B
20240131;101207;2907.500000000;3;9496268140;S
20240131;101207;2907.500000000;6;9496268160;S
20240131;101207;2907.500000000;2;9496268161;S
20240131;101208;2907.500000000;1;9496268302;S
20240131;101208;2907.500000000;1;9496268303;S
20240131;101209;2908.000000000;5;9496268409;B
20240131;101209;2907.500000000;1;9496268422;S
20240131;101209;2907.000000000;1;9496268423;S
20240131;101209;2907.000000000;1;9496268424;S
20240131;101210;2908.000000000;1;9496268545;B
20240131;101210;2907.500000000;1;9496268576;S
20240131;101210;2907.000000000;1;9496268577;S
20240131;101210;2906.500000000;1;9496268578;S
20240131;101210;2906.500000000;1;9496268579;S
20240131;101211;2906.500000000;1;9496268702;S
20240131;101214;2906.500000000;1;9496268990;S
20240131;101214;2906.500000000;1;9496268991;S
20240131;101215;2906.500000000;1;9496269077;S
20240131;101217;2909.000000000;5;9496269367;B
20240131;101218;2907.000000000;4;9496269506;S
20240131;101218;2907.000000000;3;9496269514;S
20240131;101219;2907.000000000;3;9496269604;S
20240131;101220;2907.000000000;1;9496269680;S
20240131;101220;2907.000000000;1;9496269681;S
20240131;101221;2906.500000000;1;9496269748;S
20240131;101221;2909.000000000;1;9496269792;B
20240131;101222;2907.000000000;1;9496269943;S
20240131;101225;2907.500000000;1;9496270396;S
20240131;101225;2907.500000000;1;9496270397;S
20240131;101226;2907.500000000;1;9496270475;S
20240131;101226;2907.500000000;1;9496270516;S
20240131;101227;2908.000000000;1;9496270560;S
20240131;101227;2908.000000000;1;9496270638;S
20240131;101228;2908.000000000;1;9496270753;S
20240131;101231;2908.000000000;1;9496270993;S
20240131;101231;2908.000000000;1;9496270994;S
20240131;101232;2908.500000000;1;9496271067;B
20240131;101232;2908.500000000;2;9496271068;B
20240131;101233;2908.000000000;1;9496271184;S
20240131;101233;2908.500000000;3;9496271190;B
20240131;101234;2908.000000000;2;9496271268;S
20240131;101235;2908.500000000;9;9496271308;B
20240131;101235;2908.500000000;1;9496271309;B
20240131;101236;2908.000000000;7;9496271392;S
20240131;101237;2908.000000000;1;9496271491;S
20240131;101237;2908.000000000;1;9496271492;S
20240131;101238;2908.000000000;1;9496271633;S
20240131;101238;2908.000000000;9;9496271645;S
20240131;101238;2908.500000000;3;9496271681;B
20240131;101238;2908.500000000;2;9496271682;B
20240131;101238;2908.000000000;10;9496271747;S
20240131;101239;2908.000000000;4;9496271848;S
20240131;101240;2908.000000000;9;9496271962;S
20240131;101240;2908.000000000;5;9496271984;S
20240131;101240;2908.000000000;1;9496272043;S
20240131;101241;2908.000000000;3;9496272112;S
20240131;101241;2908.000000000;5;9496272191;S
20240131;101242;2908.000000000;1;9496272212;S
20240131;101242;2908.000000000;1;9496272217;S
20240131;101242;2908.000000000;1;9496272270;S
20240131;101242;2908.000000000;1;9496272271;S
20240131;101242;2908.000000000;4;9496272285;S
20240131;101242;2908.000000000;1;9496272286;S
20240131;101243;2908.000000000;30;9496272381;S
20240131;101243;2908.000000000;5;9496272382;S
20240131;101243;2908.000000000;4;9496272383;S
20240131;101243;2908.000000000;61;9496272384;S
20240131;101243;2908.000000000;2;9496272385;S
20240131;101244;2908.000000000;37;9496272457;S
20240131;101244;2907.500000000;9;9496272458;S
20240131;101244;2907.000000000;5;9496272459;S
20240131;101244;2907.000000000;1;9496272460;S
20240131;101244;2907.000000000;15;9496272461;S
20240131;101246;2907.500000000;5;9496272643;B
20240131;101247;2907.000000000;3;9496272751;S
20240131;101248;2907.000000000;1;9496272862;S
20240131;101248;2907.000000000;1;9496272863;S
20240131;101248;2907.500000000;8;9496272899;B
20240131;101249;2907.000000000;1;9496272970;S
20240131;101251;2907.500000000;3;9496273313;B
20240131;101252;2907.000000000;8;9496273415;S
20240131;101254;2907.000000000;1;9496273603;S
20240131;101254;2907.000000000;1;9496273604;S
20240131;101255;2907.000000000;1;9496273719;S
20240131;101255;2907.000000000;2;9496273753;S
20240131;101255;2907.500000000;11;9496273808;B
20240131;101255;2907.500000000;1;9496273809;B
20240131;101255;2908.000000000;9;9496273810;B
20240131;101256;2908.000000000;9;9496273924;S
20240131;101256;2907.500000000;5;9496273925;S
20240131;101259;2907.500000000;1;9496274306;S
20240131;101259;2907.500000000;1;9496274308;S
20240131;101300;2908.000000000;1;9496274438;S
20240131;101300;2908.000000000;1;9496274472;S
20240131;101301;2908.000000000;1;9496274575;B
20240131;101301;2908.500000000;1;9496274621;B
20240131;101302;2908.000000000;2;9496274684;S
20240131;101303;2908.000000000;2;9496274742;S
20240131;101305;2908.000000000;1;9496275417;S
20240131;101305;2908.000000000;1;9496275418;S
20240131;101306;2908.000000000;1;9496275719;S
20240131;101308;2908.000000000;2;9496276086;S
20240131;101309;2908.000000000;1;9496276185;S
20240131;101310;2908.000000000;10;9496276268;S
20240131;101311;2908.000000000;1;9496276328;S
20240131;101311;2908.000000000;1;9496276329;S
20240131;101311;2908.000000000;7;9496276348;S
20240131;101312;2908.000000000;1;9496276410;S
20240131;101316;2908.000000000;60;9496276834;S
20240131;101316;2908.000000000;1;9496276842;S
20240131;101316;2908.000000000;1;9496276843;S
20240131;101317;2908.500000000;3;9496276858;B
20240131;101317;2908.000000000;40;9496276944;S
20240131;101320;2908.000000000;4;9496277302;S
20240131;101321;2908.500000000;1;9496277393;B
20240131;101321;2908.500000000;50;9496277396;B
20240131;101322;2908.000000000;1;9496277471;S
20240131;101322;2908.000000000;1;9496277472;S
20240131;101322;2908.000000000;33;9496277473;S
20240131;101322;2908.000000000;1;9496277474;S
20240131;101323;2908.500000000;1;9496277523;B
20240131;101323;2908.500000000;1;9496277553;B
20240131;101323;2908.000000000;1;9496277590;S
20240131;101323;2908.500000000;43;9496277594;B
20240131;101323;2908.500000000;1;9496277595;B
20240131;101323;2909.000000000;194;9496277596;B
20240131;101324;2909.000000000;2;9496277727;S
20240131;101324;2909.000000000;10;9496277780;S
20240131;101324;2909.000000000;30;9496277781;S
20240131;101324;2908.000000000;2;9496277783;S
20240131;101324;2908.000000000;1;9496277784;S
20240131;101324;2908.000000000;115;9496277785;B
20240131;101325;2909.500000000;27;9496277833;B
20240131;101325;2909.500000000;2;9496277834;B
20240131;101325;2910.000000000;2;9496277835;B
20240131;101325;2911.500000000;7;9496277836;B
20240131;101326;2908.500000000;24;9496277940;S
20240131;101328;2908.500000000;1;9496278107;S
20240131;101328;2908.500000000;1;9496278108;S
20240131;101329;2908.500000000;1;9496278247;S
20240131;101333;2909.500000000;1;9496278852;S
20240131;101333;2909.500000000;1;9496278853;S
20240131;101334;2909.500000000;1;9496278938;S
20240131;101335;2912.000000000;8;9496278994;B
20240131;101336;2909.500000000;6;9496279091;S
20240131;101338;2911.500000000;10;9496279392;B
20240131;101338;2911.000000000;1;9496279498;S
20240131;101339;2910.500000000;1;9496279560;B
20240131;101345;2910.500000000;1;9496280407;S
20240131;101345;2910.500000000;1;9496280408;S
20240131;101346;2912.000000000;1;9496280617;B
20240131;101350;2911.500000000;1;9496281042;B
20240131;101350;2910.500000000;1;9496281071;S
20240131;101351;2910.500000000;1;9496281184;S
20240131;101353;2910.500000000;7;9496281364;S
20240131;101354;2910.500000000;5;9496281465;S
20240131;101356;2910.500000000;1;9496281869;S
20240131;101356;2910.000000000;1;9496281870;S
20240131;101357;2910.000000000;1;9496281982;S
20240131;101402;2910.500000000;1;9496282592;S
20240131;101402;2910.000000000;1;9496282594;S
20240131;101403;2910.000000000;1;9496282753;S
20240131;101407;2910.500000000;1;9496283240;B
20240131;101407;2910.000000000;1;9496283340;S
20240131;101407;2910.000000000;1;9496283341;S
20240131;101407;2910.000000000;1;9496283342;S
20240131;101408;2910.000000000;1;9496283413;S
20240131;101410;2909.500000000;1;9496283630;S
20240131;101411;2910.000000000;2;9496283668;B
20240131;101411;2910.000000000;1;9496283669;B
20240131;101411;2910.500000000;22;9496283670;B
20240131;101412;2910.000000000;9;9496283750;S
20240131;101413;2909.500000000;4;9496283853;S
20240131;101413;2910.000000000;1;9496283868;B
20240131;101413;2910.000000000;1;9496283912;S
20240131;101415;2910.000000000;9;9496284078;S
20240131;101416;2910.000000000;5;9496284203;S
20240131;101416;2910.500000000;2;9496284238;B
20240131;101417;2910.000000000;2;9496284326;S
20240131;101419;2910.000000000;1;9496284551;S
20240131;101419;2910.000000000;1;9496284552;S
20240131;101419;2910.000000000;46;9496284600;S
20240131;101420;2910.000000000;1;9496284645;S
20240131;101422;2910.000000000;31;9496284881;S
20240131;101424;2910.000000000;1;9496285162;S
20240131;101424;2910.000000000;1;9496285164;S
20240131;101425;2910.000000000;1;9496285262;S
20240131;101428;2910.000000000;1;9496285567;S
20240131;101429;2910.000000000;2;9496285710;S
20240131;101429;2910.000000000;1;9496285715;S
20240131;101430;2910.000000000;1;9496285845;S
20240131;101430;2910.000000000;1;9496285864;S
20240131;101430;2910.000000000;1;9496285865;S
20240131;101431;2910.500000000;1;9496286093;B
20240131;101431;2910.000000000;1;9496286171;S
20240131;101432;2910.000000000;1;9496286398;S
20240131;101432;2910.000000000;1;9496286458;S
20240131;101433;2910.000000000;1;9496286562;S
20240131;101436;2910.000000000;1;9496286803;S
20240131;101436;2910.000000000;1;9496286804;S
20240131;101437;2910.000000000;1;9496286907;S
20240131;101439;2910.000000000;17;9496287165;S
20240131;101440;2910.000000000;11;9496287244;S
20240131;101441;2910.000000000;1;9496287389;S
20240131;101441;2910.000000000;1;9496287390;S
20240131;101442;2910.000000000;1;9496287487;S
20240131;101443;2910.500000000;24;9496287545;B
20240131;101444;2910.500000000;6;9496287670;S
20240131;101444;2910.000000000;11;9496287671;S
20240131;101445;2910.000000000;13;9496287730;S
20240131;101446;2910.000000000;4;9496287962;S
20240131;101446;2910.000000000;8;9496287988;S
20240131;101447;2910.000000000;1;9496288189;S
20240131;101447;2910.000000000;1;9496288191;S
20240131;101448;2910.000000000;3;9496288349;S
20240131;101448;2910.000000000;1;9496288350;S
20240131;101453;2910.000000000;1;9496288990;S
20240131;101453;2910.000000000;1;9496288991;S
20240131;101455;2910.500000000;2;9496289344;S
20240131;101456;2910.000000000;1;9496289484;S
20240131;101458;2910.500000000;1;9496289778;S
20240131;101458;2910.500000000;1;9496289779;S
20240131;101459;2910.000000000;1;9496289860;S
20240131;101500;2910.000000000;1;9496289968;S
20240131;101504;2910.500000000;1;9496290488;S
20240131;101504;2910.000000000;1;9496290509;S
20240131;101504;2910.000000000;1;9496290529;S
20240131;101504;2910.000000000;1;9496290530;S
20240131;101504;2910.000000000;1;9496290532;S
20240131;101505;2910.500000000;1;9496290558;B
20240131;101505;2911.500000000;4;9496290559;B
20240131;101505;2911.500000000;8;9496290560;B
20240131;101505;2912.000000000;1;9496290561;B
20240131;101505;2912.000000000;59;9496290562;B
20240131;101505;2912.500000000;100;9496290563;B
20240131;101505;2913.000000000;5;9496290564;B
20240131;101505;2910.000000000;78;9496290701;S
20240131;101505;2910.000000000;9;9496290702;S
20240131;101505;2910.000000000;33;9496290703;B
20240131;101506;2912.500000000;8;9496290908;B
20240131;101507;2910.000000000;5;9496291047;S
20240131;101510;2910.000000000;1;9496291544;S
20240131;101510;2910.500000000;1;9496291545;S
20240131;101511;2910.000000000;2;9496291671;S
20240131;101511;2910.000000000;1;9496291686;S
20240131;101512;2910.500000000;2;9496291842;S
20240131;101514;2913.000000000;1;9496292293;B
20240131;101514;2913.000000000;1;9496292294;B
20240131;101514;2913.000000000;23;9496292295;B
20240131;101514;2912.000000000;17;9496292383;B
20240131;101514;2912.000000000;1;9496292384;B
20240131;101514;2913.000000000;2;9496292385;B
20240131;101515;2911.500000000;2;9496292526;S
20240131;101524;2914.000000000;1;9496294638;B
20240131;101527;2913.000000000;1;9496295277;S
20240131;101527;2913.000000000;1;9496295279;S
20240131;101528;2913.000000000;1;9496295408;B
20240131;101528;2913.500000000;10;9496295409;B
20240131;101528;2914.500000000;22;9496295410;B
20240131;101528;2914.500000000;6;9496295411;B
20240131;101528;2915.000000000;1;9496295412;B
20240131;101528;2913.000000000;27;9496295610;S
20240131;101531;2915.000000000;1;9496296264;B
20240131;101533;2913.500000000;1;9496296465;S
20240131;101533;2913.500000000;1;9496296467;S
20240131;101533;2913.000000000;1;9496296766;S
20240131;101534;2913.500000000;1;9496296872;B
20240131;101534;2913.500000000;3;9496296921;S
20240131;101535;2913.000000000;2;9496297104;S
20240131;101538;2913.000000000;1;9496297839;S
20240131;101538;2913.000000000;1;9496297840;S
20240131;101539;2913.500000000;1;9496297880;B
20240131;101544;2913.500000000;1;9496298796;S
20240131;101544;2913.500000000;1;9496298797;S
20240131;101545;2913.500000000;1;9496298917;S
20240131;101549;2914.000000000;1;9496299855;B
20240131;101550;2913.500000000;1;9496299866;S
20240131;101550;2913.500000000;1;9496299912;S
20240131;101550;2913.500000000;1;9496299986;S
20240131;101551;2913.500000000;1;9496300178;S
20240131;101552;2913.500000000;1;9496300218;S
20240131;101552;2913.500000000;1;9496300384;S
20240131;101554;2914.500000000;9;9496300570;B
20240131;101554;2914.500000000;3;9496300627;B
20240131;101555;2914.500000000;25;9496300768;B
20240131;101555;2913.500000000;30;9496300859;S
20240131;101556;2913.500000000;10;9496300958;S
20240131;101556;2913.500000000;5;9496300959;S
20240131;101557;2913.500000000;1;9496301207;S
20240131;101557;2914.000000000;2;9496301231;B
20240131;101558;2913.500000000;20;9496301288;S
20240131;101558;2913.500000000;1;9496301340;S
20240131;101559;2913.500000000;2;9496301424;S
20240131;101600;2914.000000000;1;9496301806;B
20240131;101601;2913.500000000;1;9496301873;S
20240131;101601;2913.500000000;1;9496301874;S
20240131;101601;2913.500000000;1;9496301948;S
20240131;101602;2914.000000000;1;9496302112;B
20240131;101602;2914.500000000;4;9496302113;B
20240131;101603;2913.500000000;5;9496302319;S
20240131;101606;2914.500000000;3;9496302777;B
20240131;101607;2914.000000000;1;9496302898;S
20240131;101607;2914.000000000;1;9496302899;S
20240131;101607;2914.500000000;1;9496302909;B
20240131;101607;2913.500000000;2;9496302944;S
20240131;101608;2913.500000000;2;9496303082;S
20240131;101610;2914.500000000;33;9496303695;B
20240131;101610;2915.000000000;6;9496303696;B
20240131;101610;2915.000000000;15;9496303697;B
20240131;101610;2915.000000000;2;9496303698;B
20240131;101610;2915.000000000;8;9496303699;B
20240131;101611;2915.000000000;1;9496303822;S
20240131;101611;2915.000000000;32;9496303858;S
20240131;101612;2915.500000000;1;9496303940;B
20240131;101612;2915.500000000;2;9496303941;B
20240131;101613;2915.000000000;7;9496304119;S
20240131;101614;2915.000000000;1;9496304293;S
20240131;101615;2915.000000000;1;9496304326;S
20240131;101615;2915.500000000;4;9496304414;B
20240131;101615;2915.500000000;14;9496304438;B
20240131;101615;2915.500000000;3;9496304439;B
20240131;101615;2916.000000000;6;9496304440;B
20240131;101615;2916.000000000;1;9496304441;B
20240131;101615;2916.000000000;1;9496304442;B
20240131;101616;2915.500000000;1;9496304558;S
20240131;101616;2915.500000000;15;9496304603;S
20240131;101617;2915.500000000;1;9496304726;S
20240131;101617;2915.500000000;1;9496304814;S
20240131;101618;2915.500000000;1;9496304912;S
20240131;101618;2915.500000000;1;9496304913;S
20240131;101618;2915.500000000;1;9496305019;S
20240131;101619;2915.500000000;1;9496305069;S
20240131;101620;2915.500000000;1;9496305201;S
20240131;101620;2916.000000000;6;9496305215;B
20240131;101620;2916.000000000;1;9496305263;B
20240131;101621;2915.500000000;4;9496305328;S
20240131;101622;2915.500000000;1;9496305465;S
20240131;101622;2916.000000000;4;9496305556;B
20240131;101622;2916.000000000;25;9496305557;B
20240131;101622;2916.000000000;71;9496305558;B
20240131;101622;2915.500000000;3;9496305600;S
20240131;101623;2915.500000000;24;9496305706;S
20240131;101623;2915.500000000;8;9496305707;S
20240131;101623;2915.500000000;7;9496305708;S
20240131;101623;2915.000000000;18;9496305709;S
20240131;101623;2915.000000000;1;9496305788;S
20240131;101624;2915.000000000;1;9496305810;S
20240131;101624;2915.000000000;1;9496305811;S
20240131;101624;2915.500000000;1;9496305817;S
20240131;101624;2915.500000000;1;9496305827;S
20240131;101624;2915.500000000;1;9496305829;S
20240131;101624;2916.000000000;1;9496305902;B
20240131;101626;2915.500000000;2;9496306083;S
20240131;101626;2915.500000000;1;9496306107;S
20240131;101626;2915.500000000;1;9496306121;S
20240131;101626;2915.500000000;1;9496306169;S
20240131;101626;2915.500000000;1;9496306184;S
20240131;101626;2915.500000000;1;9496306224;S
20240131;101628;2916.000000000;1;9496306520;B
20240131;101628;2915.500000000;3;9496306551;S
20240131;101629;2915.500000000;1;9496306742;S
20240131;101629;2915.500000000;1;9496306743;S
20240131;101630;2915.500000000;1;9496306799;S
20240131;101630;2915.500000000;1;9496306898;S
20240131;101630;2915.500000000;1;9496306965;S
20240131;101631;2915.500000000;1;9496307052;S
20240131;101631;2915.500000000;2;9496307083;S
20240131;101632;2915.500000000;1;9496307118;S
20240131;101632;2915.500000000;1;9496307288;S
20240131;101632;2915.500000000;1;9496307296;S
20240131;101633;2915.500000000;1;9496307330;S
20240131;101633;2915.500000000;1;9496307428;S
20240131;101633;2915.500000000;2;9496307476;S
20240131;101634;2916.000000000;2;9496307568;B
20240131;101635;2916.000000000;9;9496307694;B
20240131;101635;2915.500000000;2;9496307695;S
20240131;101635;2915.500000000;1;9496307713;S
20240131;101635;2915.500000000;1;9496307714;S
