<DATE>;<TIME>;<LAST>;<VOL>;<ID>;<OPER>
20240202;095948;2899.500000000;2;9505769683;B
20240202;095948;2899.500000000;4;9505769684;B
20240202;095948;2899.500000000;5;9505769685;B
20240202;095948;2899.500000000;26;9505769686;B
20240202;095948;2899.500000000;1;9505769687;S
20240202;095948;2899.500000000;6;9505769688;S
20240202;095948;2899.500000000;1;9505769689;S
20240202;095948;2899.500000000;26;9505769690;B
20240202;095948;2899.500000000;4;9505769691;B
20240202;095948;2899.500000000;1;9505769692;B
20240202;095948;2899.500000000;28;9505769693;B
20240202;095948;2899.500000000;1;9505769694;B
20240202;095948;2899.500000000;50;9505769695;B
20240202;095948;2899.500000000;21;9505769696;B
20240202;095948;2899.500000000;49;9505769697;B
20240202;095948;2899.500000000;1;9505769698;B
20240202;095948;2899.500000000;50;9505769699;B
20240202;095948;2899.500000000;3;9505769700;S
20240202;095948;2899.500000000;1;9505769701;S
20240202;095948;2899.500000000;1;9505769702;S
20240202;095948;2899.500000000;1;9505769703;S
20240202;095948;2899.500000000;1;9505769704;S
20240202;095948;2899.500000000;79;9505769705;S
20240202;095948;2899.500000000;3;9505769706;S
20240202;100000;2899.000000000;2;9505772859;S
20240202;100001;2899.500000000;1;9505774282;B
20240202;100001;2899.000000000;8;9505774293;S
20240202;100001;2899.500000000;6;9505774327;B
20240202;100001;2899.000000000;3;9505774597;S
20240202;100001;2899.000000000;6;9505774646;S
20240202;100001;2899.500000000;7;9505774978;B
20240202;100003;2899.500000000;4;9505775807;B
20240202;100003;2899.500000000;17;9505775808;B
20240202;100003;2899.500000000;27;9505775809;B
20240202;100003;2899.500000000;2;9505775832;S
20240202;100004;2900.000000000;1;9505776817;B
20240202;100004;2900.000000000;7;9505776818;B
20240202;100004;2900.000000000;2;9505776819;B
20240202;100004;2899.500000000;8;9505776820;S
20240202;100005;2900.000000000;1;9505776939;B
20240202;100005;2899.500000000;2;9505777237;S
20240202;100005;2899.500000000;9;9505778064;S
20240202;100005;2899.500000000;2;9505778335;S
20240202;100005;2899.500000000;1;9505778336;S
20240202;100006;2900.000000000;6;9505778934;B
20240202;100006;2900.000000000;10;9505779267;B
20240202;100007;2899.500000000;10;9505779599;S
20240202;100007;2899.500000000;1;9505780060;S
20240202;100008;2899.500000000;3;9505780458;S
20240202;100009;2899.500000000;1;9505781157;S
20240202;100010;2899.500000000;7;9505781406;S
20240202;100010;2899.500000000;5;9505781482;S
20240202;100010;2899.000000000;2;9505781483;S
20240202;100010;2899.000000000;31;9505781484;S
20240202;100010;2902.500000000;1;9505781862;B
20240202;100010;2902.500000000;1;9505781863;B
20240202;100011;2902.500000000;4;9505781887;B
20240202;100011;2899.500000000;4;9505781976;S
20240202;100011;2902.500000000;1;9505781985;B
20240202;100011;2902.500000000;5;9505782085;B
20240202;100011;2903.000000000;26;9505782086;B
20240202;100011;2899.500000000;4;9505782121;S
20240202;100011;2903.000000000;4;9505782239;B
20240202;100011;2903.500000000;3;9505782240;B
20240202;100012;2900.000000000;7;9505782382;S
20240202;100017;2900.000000000;1;9505783754;S
20240202;100018;2899.500000000;4;9505784144;S
20240202;100018;2900.000000000;9;9505784430;S
20240202;100019;2900.000000000;2;9505784688;S
20240202;100020;2903.000000000;1;9505785447;B
20240202;100020;2900.000000000;4;9505785688;S
20240202;100020;2900.000000000;5;9505785696;S
20240202;100021;2900.000000000;6;9505786994;S
20240202;100023;2900.500000000;1;9505788294;S
20240202;100023;2900.500000000;1;9505788295;S
20240202;100023;2903.000000000;4;9505788749;B
20240202;100023;2903.000000000;80;9505788750;B
20240202;100023;2903.500000000;16;9505788751;B
20240202;100023;2900.500000000;9;9505788825;S
20240202;100024;2900.500000000;16;9505789212;S
20240202;100024;2900.500000000;11;9505789315;S
20240202;100025;2900.000000000;1;9505789915;S
20240202;100025;2900.000000000;3;9505789929;S
20240202;100026;2900.000000000;5;9505790321;S
20240202;100026;2900.000000000;1;9505790396;S
20240202;100027;2900.000000000;5;9505791414;S
20240202;100030;2900.000000000;5;9505792282;S
20240202;100030;2900.000000000;2;9505792283;S
20240202;100030;2900.000000000;4;9505792284;S
20240202;100030;2899.500000000;27;9505792285;S
20240202;100030;2899.000000000;25;9505792286;S
20240202;100030;2899.000000000;49;9505792287;S
20240202;100035;2900.000000000;10;9505794580;B
20240202;100037;2900.000000000;9;9505795022;B
20240202;100037;2900.000000000;5;9505795023;B
20240202;100037;2901.000000000;4;9505795024;B
20240202;100037;2902.000000000;21;9505795025;B
20240202;100038;2899.500000000;2;9505795074;S
20240202;100038;2899.500000000;1;9505795253;S
20240202;100038;2899.500000000;1;9505795300;S
20240202;100040;2900.000000000;1;9505795994;B
20240202;100042;2899.000000000;25;9505796721;S
20240202;100043;2899.000000000;13;9505796913;S
20240202;100043;2899.000000000;12;9505796914;S
20240202;100053;2899.500000000;5;9505799889;B
20240202;100054;2899.000000000;26;9505800085;S
20240202;100055;2899.500000000;2;9505800223;B
20240202;100056;2899.500000000;1;9505800624;B
20240202;100057;2899.500000000;1;9505800752;B
20240202;100059;2899.500000000;1;9505801428;B
20240202;100102;2899.500000000;1;9505802017;B
20240202;100103;2899.000000000;2;9505802299;S
20240202;100103;2899.000000000;1;9505802300;S
20240202;100103;2899.000000000;1;9505802301;S
20240202;100103;2899.000000000;1;9505802302;S
20240202;100103;2899.000000000;1;9505802303;S
20240202;100103;2899.000000000;10;9505802304;S
20240202;100103;2899.000000000;17;9505802305;S
20240202;100110;2899.000000000;1;9505804133;S
20240202;100113;2899.500000000;1;9505804570;B
20240202;100119;2899.500000000;1;9505805794;B
20240202;100124;2899.000000000;28;9505806738;S
20240202;100126;2899.000000000;40;9505807066;S
20240202;100126;2899.000000000;1;9505807067;S
20240202;100126;2899.000000000;4;9505807068;S
20240202;100126;2898.500000000;4;9505807069;S
20240202;100126;2898.000000000;2;9505807070;S
20240202;100126;2897.500000000;27;9505807071;S
20240202;100126;2896.500000000;25;9505807072;S
20240202;100127;2899.500000000;5;9505807335;S
20240202;100129;2900.000000000;3;9505807716;B
20240202;100135;2898.500000000;2;9505809064;S
20240202;100135;2898.000000000;26;9505809065;S
20240202;100139;2897.500000000;1;9505809774;B
20240202;100143;2896.500000000;1;9505810543;S
20240202;100144;2897.000000000;1;9505810699;B
20240202;100144;2896.500000000;26;9505810814;S
20240202;100144;2896.500000000;12;9505810815;S
20240202;100144;2896.500000000;1;9505810873;S
20240202;100145;2897.000000000;1;9505810964;B
20240202;100146;2897.000000000;6;9505811104;B
20240202;100146;2897.000000000;4;9505811262;B
20240202;100147;2896.500000000;1;9505811274;S
20240202;100147;2896.500000000;1;9505811363;S
20240202;100149;2897.000000000;1;9505811691;B
20240202;100149;2897.000000000;1;9505811871;B
20240202;100151;2897.000000000;1;9505812311;B
20240202;100151;2896.500000000;10;9505812320;S
20240202;100151;2896.500000000;50;9505812336;S
20240202;100159;2897.000000000;6;9505813928;B
20240202;100200;2897.000000000;33;9505814098;B
20240202;100202;2897.000000000;3;9505814426;S
20240202;100205;2897.000000000;4;9505815098;S
20240202;100205;2897.000000000;11;9505815099;S
20240202;100205;2896.500000000;86;9505815100;S
20240202;100205;2896.000000000;1;9505815101;S
20240202;100205;2896.000000000;1;9505815102;S
20240202;100205;2896.000000000;27;9505815103;S
20240202;100205;2896.000000000;6;9505815104;S
20240202;100205;2896.000000000;40;9505815105;B
20240202;100205;2896.000000000;40;9505815109;B
20240202;100205;2896.000000000;4;9505815110;B
20240202;100208;2896.000000000;7;9505815622;S
20240202;100213;2896.500000000;4;9505816391;B
20240202;100215;2896.500000000;1;9505816942;B
20240202;100219;2896.000000000;6;9505818260;S
20240202;100234;2896.500000000;14;9505821502;B
20240202;100234;2898.000000000;1;9505821503;B
20240202;100236;2897.000000000;12;9505822178;S
20240202;100245;2899.500000000;20;9505824315;B
20240202;100251;2897.000000000;4;9505825613;S
20240202;100252;2899.000000000;1;9505825771;B
20240202;100254;2899.500000000;9;9505826345;B
20240202;100254;2899.500000000;2;9505826346;B
20240202;100254;2900.000000000;1;9505826347;B
20240202;100254;2900.000000000;4;9505826348;B
20240202;100254;2900.500000000;41;9505826349;B
20240202;100254;2900.500000000;8;9505826350;B
20240202;100254;2901.000000000;27;9505826351;B
20240202;100254;2901.500000000;90;9505826352;B
20240202;100254;2902.000000000;6;9505826353;B
20240202;100254;2902.500000000;112;9505826354;B
20240202;100254;2901.000000000;3;9505826356;B
20240202;100307;2901.500000000;35;9505828999;S
20240202;100307;2901.000000000;30;9505829000;S
20240202;100307;2901.000000000;4;9505829001;S
20240202;100312;2901.000000000;4;9505829767;S
20240202;100312;2901.000000000;1;9505829768;S
20240202;100312;2903.500000000;8;9505829807;B
20240202;100315;2903.500000000;157;9505830610;B
20240202;100315;2904.000000000;5;9505830611;B
20240202;100315;2905.000000000;2;9505830612;B
20240202;100315;2905.000000000;30;9505830613;B
20240202;100315;2905.000000000;10;9505830614;B
20240202;100315;2905.500000000;27;9505830615;B
20240202;100315;2905.500000000;69;9505830616;B
20240202;100315;2906.000000000;1;9505830681;B
20240202;100321;2905.000000000;1;9505831750;S
20240202;100321;2904.500000000;3;9505831751;S
20240202;100323;2907.000000000;2;9505832164;B
20240202;100330;2907.000000000;70;9505833482;B
20240202;100333;2907.500000000;1;9505834184;B
20240202;100333;2907.500000000;13;9505834185;B
20240202;100333;2907.500000000;73;9505834244;B
20240202;100333;2908.000000000;3;9505834245;B
20240202;100333;2908.000000000;60;9505834246;B
20240202;100333;2908.500000000;30;9505834247;B
20240202;100333;2909.000000000;27;9505834248;B
20240202;100333;2909.500000000;1;9505834249;B
20240202;100333;2909.500000000;7;9505834250;B
20240202;100333;2910.000000000;2;9505834251;B
20240202;100333;2910.000000000;2;9505834252;B
20240202;100333;2910.000000000;60;9505834253;B
20240202;100333;2910.000000000;3;9505834254;B
20240202;100333;2910.000000000;5;9505834255;B
20240202;100333;2910.000000000;5;9505834256;B
20240202;100333;2910.500000000;8;9505834257;B
20240202;100333;2911.000000000;1;9505834258;B
20240202;100333;2911.000000000;27;9505834259;B
20240202;100333;2911.500000000;1;9505834260;B
20240202;100333;2911.500000000;2;9505834261;B
20240202;100333;2912.500000000;1;9505834262;B
20240202;100333;2912.500000000;1;9505834263;B
20240202;100333;2913.000000000;19;9505834264;B
20240202;100333;2913.500000000;35;9505834265;B
20240202;100333;2914.000000000;27;9505834266;B
20240202;100333;2908.000000000;2;9505834360;S
20240202;100333;2911.000000000;2;9505834362;B
20240202;100333;2911.000000000;4;9505834371;B
20240202;100334;2910.000000000;4;9505834508;S
20240202;100334;2907.000000000;2;9505834511;S
20240202;100334;2907.000000000;8;9505834512;S
20240202;100334;2905.500000000;6;9505834517;S
20240202;100334;2904.500000000;27;9505834519;S
20240202;100335;2903.500000000;3;9505834711;S
20240202;100335;2902.000000000;1;9505834877;B
20240202;100336;2902.000000000;9;9505835086;B
20240202;100336;2902.000000000;1;9505835087;B
20240202;100338;2901.000000000;2;9505835578;S
20240202;100346;2899.000000000;7;9505837571;B
20240202;100347;2898.000000000;4;9505837798;S
20240202;100347;2898.000000000;3;9505837802;S
20240202;100348;2899.000000000;6;9505837965;B
20240202;100348;2899.500000000;37;9505837966;B
20240202;100352;2898.000000000;27;9505838983;S
20240202;100352;2898.000000000;5;9505838984;S
20240202;100352;2897.500000000;6;9505838985;S
20240202;100352;2897.500000000;2;9505838986;S
20240202;100352;2897.500000000;4;9505838987;S
20240202;100352;2897.500000000;30;9505838988;S
20240202;100352;2897.000000000;1;9505838989;S
20240202;100352;2897.000000000;24;9505838990;S
20240202;100352;2897.000000000;6;9505838991;S
20240202;100352;2896.500000000;1;9505838992;S
20240202;100352;2896.000000000;3;9505838993;S
20240202;100352;2896.000000000;91;9505838994;S
20240202;100402;2897.000000000;1;9505841394;S
20240202;100402;2896.000000000;14;9505841431;S
20240202;100402;2896.000000000;9;9505841432;S
20240202;100402;2896.000000000;3;9505841433;S
20240202;100402;2895.500000000;2;9505841434;S
20240202;100402;2895.500000000;2;9505841435;S
20240202;100405;2895.500000000;6;9505842091;S
20240202;100405;2895.000000000;3;9505842092;S
20240202;100405;2897.000000000;1;9505842146;B
20240202;100405;2895.000000000;10;9505842191;S
20240202;100405;2894.500000000;2;9505842192;S
20240202;100406;2894.500000000;15;9505842291;S
20240202;100406;2894.000000000;5;9505842292;S
20240202;100408;2895.000000000;10;9505842630;B
20240202;100408;2894.000000000;1;9505842697;S
20240202;100412;2895.000000000;1;9505843431;B
20240202;100419;2896.500000000;10;9505844980;B
20240202;100420;2899.500000000;100;9505845244;B
20240202;100435;2898.500000000;1;9505848374;S
20240202;100437;2899.000000000;86;9505848698;B
20240202;100437;2899.000000000;27;9505848699;B
20240202;100437;2899.000000000;11;9505848700;B
20240202;100437;2899.000000000;17;9505848701;B
20240202;100437;2899.500000000;150;9505848702;B
20240202;100445;2897.000000000;1;9505850091;S
20240202;100454;2898.000000000;1;9505851612;B
20240202;100455;2897.500000000;10;9505851890;B
20240202;100503;2897.500000000;1;9505853368;B
20240202;100503;2897.500000000;1;9505853369;B
20240202;100505;2897.000000000;10;9505853735;S
20240202;100505;2897.000000000;10;9505853736;S
20240202;100505;2897.000000000;1;9505853737;S
20240202;100509;2895.000000000;50;9505854685;S
20240202;100509;2895.000000000;5;9505854686;S
20240202;100509;2895.000000000;17;9505854687;S
20240202;100520;2895.000000000;1;9505856620;S
20240202;100520;2894.500000000;3;9505856621;S
20240202;100524;2895.000000000;1;9505857439;B
20240202;100526;2894.000000000;5;9505857748;S
20240202;100526;2894.000000000;3;9505857772;S
20240202;100528;2895.000000000;1;9505858125;B
20240202;100533;2895.000000000;1;9505859019;B
20240202;100537;2894.500000000;8;9505859557;B
20240202;100542;2895.000000000;1;9505860636;S
20240202;100542;2895.000000000;1;9505860637;S
20240202;100542;2895.000000000;9;9505860638;S
20240202;100546;2895.000000000;10;9505861294;B
20240202;100551;2895.000000000;3;9505862517;B
20240202;100551;2895.000000000;1;9505862562;B
20240202;100551;2895.000000000;4;9505862563;B
20240202;100555;2894.500000000;12;9505863240;S
20240202;100555;2894.500000000;10;9505863241;S
20240202;100555;2894.500000000;10;9505863242;S
20240202;100555;2894.000000000;6;9505863243;S
20240202;100555;2894.000000000;5;9505863244;S
20240202;100555;2894.000000000;20;9505863245;S
20240202;100555;2894.000000000;25;9505863246;S
20240202;100555;2894.000000000;18;9505863247;S
20240202;100555;2894.000000000;10;9505863248;S
20240202;100555;2894.000000000;1;9505863249;S
20240202;100555;2894.000000000;2;9505863250;S
20240202;100555;2893.500000000;51;9505863251;S
20240202;100555;2893.500000000;2;9505863252;S
20240202;100555;2893.500000000;5;9505863253;S
20240202;100555;2893.000000000;4;9505863254;S
20240202;100555;2893.000000000;5;9505863255;S
20240202;100555;2893.000000000;100;9505863256;S
20240202;100555;2893.000000000;2;9505863257;S
20240202;100555;2893.000000000;12;9505863258;S
20240202;100555;2894.500000000;2;9505863292;B
20240202;100556;2895.000000000;12;9505863512;B
20240202;100558;2895.000000000;46;9505864078;S
20240202;100558;2895.000000000;8;9505864092;S
20240202;100603;2895.000000000;7;9505864959;S
20240202;100603;2895.000000000;6;9505865021;S
20240202;100604;2895.000000000;19;9505865335;S
20240202;100605;2895.500000000;1;9505865375;B
20240202;100605;2895.500000000;1;9505865376;B
20240202;100608;2895.500000000;1;9505866184;B
20240202;100614;2895.000000000;35;9505867322;S
20240202;100614;2895.500000000;1;9505867462;B
20240202;100617;2895.000000000;1;9505868068;S
20240202;100620;2895.500000000;1;9505868660;B
20240202;100621;2895.500000000;10;9505868863;B
20240202;100622;2895.000000000;3;9505869351;S
20240202;100623;2895.500000000;1;9505869407;B
20240202;100624;2895.000000000;1;9505869584;S
20240202;100624;2895.500000000;1;9505869646;B
20240202;100628;2895.000000000;1;9505870466;S
20240202;100628;2895.000000000;69;9505870470;S
20240202;100629;2895.000000000;2;9505870573;S
20240202;100629;2895.000000000;30;9505870574;S
20240202;100633;2895.500000000;1;9505871391;B
20240202;100635;2895.500000000;1;9505871753;B
20240202;100636;2895.500000000;1;9505872361;B
20240202;100639;2895.500000000;25;9505872939;B
20240202;100639;2895.500000000;35;9505872940;B
20240202;100639;2895.500000000;45;9505872941;B
20240202;100643;2895.000000000;4;9505873755;S
20240202;100645;2895.000000000;1;9505874735;S
20240202;100653;2895.500000000;3;9505876140;B
20240202;100655;2895.000000000;5;9505876759;S
20240202;100659;2895.000000000;1;9505877407;S
20240202;100700;2895.000000000;2;9505877764;S
20240202;100704;2895.500000000;30;9505878686;B
20240202;100705;2895.000000000;5;9505878784;S
20240202;100705;2895.000000000;1;9505878785;S
20240202;100707;2895.500000000;8;9505879437;B
20240202;100707;2895.500000000;5;9505879438;B
20240202;100707;2895.500000000;27;9505879439;B
20240202;100707;2895.000000000;1;9505879440;S
20240202;100707;2895.000000000;1;9505879601;S
20240202;100710;2893.500000000;2;9505880246;B
20240202;100713;2893.000000000;1;9505880910;S
20240202;100714;2893.000000000;1;9505881151;S
20240202;100714;2893.000000000;45;9505881210;S
20240202;100717;2893.000000000;5;9505881710;S
20240202;100718;2893.500000000;3;9505881930;B
20240202;100720;2893.000000000;21;9505882386;S
20240202;100727;2893.500000000;1;9505883936;B
20240202;100728;2893.000000000;18;9505884197;S
20240202;100728;2893.500000000;1;9505884301;B
20240202;100731;2893.500000000;5;9505885302;B
20240202;100731;2893.500000000;86;9505885303;B
20240202;100731;2893.500000000;8;9505885304;B
20240202;100732;2893.500000000;1;9505885515;B
20240202;100733;2893.500000000;1;9505885731;B
20240202;100733;2893.500000000;4;9505885732;B
20240202;100736;2893.000000000;9;9505886466;S
20240202;100736;2893.000000000;10;9505886467;S
20240202;100741;2893.500000000;1;9505887246;B
20240202;100741;2893.000000000;1;9505887331;S
20240202;100743;2893.500000000;3;9505887624;B
20240202;100746;2893.000000000;1;9505888287;S
20240202;100750;2893.000000000;98;9505889169;S
20240202;100750;2893.000000000;4;9505889170;S
20240202;100750;2893.000000000;1;9505889171;S
20240202;100750;2893.000000000;80;9505889172;S
20240202;100750;2892.500000000;2;9505889173;S
20240202;100750;2892.500000000;1;9505889174;S
20240202;100750;2892.500000000;2;9505889175;S
20240202;100750;2892.000000000;1;9505889181;S
20240202;100750;2892.000000000;9;9505889182;S
20240202;100750;2892.500000000;1;9505889276;B
20240202;100750;2892.000000000;16;9505889299;S
20240202;100750;2892.000000000;1;9505889300;S
20240202;100750;2892.000000000;1;9505889301;S
20240202;100750;2892.000000000;15;9505889302;S
20240202;100750;2892.000000000;1;9505889303;S
20240202;100750;2892.000000000;1;9505889343;B
20240202;100751;2891.500000000;1;9505889448;S
20240202;100751;2891.500000000;6;9505889449;S
20240202;100751;2890.500000000;1;9505889450;S
20240202;100751;2890.500000000;4;9505889451;S
20240202;100751;2890.500000000;10;9505889452;S
20240202;100751;2890.500000000;30;9505889453;S
20240202;100751;2890.500000000;3;9505889454;S
20240202;100751;2890.500000000;5;9505889455;S
20240202;100751;2890.000000000;1;9505889456;S
20240202;100751;2890.000000000;25;9505889457;S
20240202;100751;2890.000000000;1;9505889458;S
20240202;100751;2890.000000000;5;9505889459;S
20240202;100751;2890.000000000;2;9505889460;S
20240202;100751;2890.000000000;1;9505889461;S
20240202;100751;2890.000000000;1;9505889462;S
20240202;100751;2890.000000000;1;9505889463;S
20240202;100751;2890.000000000;4;9505889464;S
20240202;100751;2890.000000000;2;9505889465;S
20240202;100751;2890.000000000;10;9505889466;S
20240202;100751;2890.000000000;54;9505889467;S
20240202;100751;2889.500000000;1;9505889468;S
20240202;100751;2889.500000000;10;9505889469;S
20240202;100751;2889.500000000;230;9505889470;S
20240202;100751;2889.000000000;4;9505889471;S
20240202;100751;2889.000000000;100;9505889472;S
20240202;100751;2889.000000000;1;9505889473;S
20240202;100751;2888.500000000;1;9505889474;S
20240202;100751;2888.500000000;2;9505889475;S
20240202;100751;2891.500000000;10;9505889480;B
20240202;100751;2891.500000000;3;9505889513;B
20240202;100751;2891.500000000;14;9505889535;B
20240202;100751;2891.500000000;5;9505889536;B
20240202;100751;2891.500000000;10;9505889537;B
20240202;100751;2891.500000000;5;9505889538;B
20240202;100751;2889.000000000;10;9505889540;S
20240202;100751;2891.500000000;1;9505889542;B
20240202;100751;2889.000000000;50;9505889563;S
20240202;100751;2890.000000000;34;9505889565;S
20240202;100751;2890.000000000;16;9505889572;S
20240202;100751;2890.000000000;1;9505889573;S
20240202;100751;2889.000000000;40;9505889574;S
20240202;100751;2889.000000000;5;9505889575;S
20240202;100751;2888.500000000;2;9505889580;S
20240202;100751;2888.500000000;2;9505889581;S
20240202;100751;2888.500000000;5;9505889582;S
20240202;100751;2888.500000000;3;9505889583;S
20240202;100751;2888.000000000;1;9505889584;S
20240202;100751;2888.000000000;1;9505889585;S
20240202;100751;2888.000000000;1;9505889586;S
20240202;100751;2889.000000000;25;9505889630;B
20240202;100751;2889.500000000;5;9505889631;B
20240202;100751;2890.000000000;1;9505889634;S
20240202;100751;2890.500000000;2;9505889636;B
20240202;100751;2890.000000000;19;9505889637;S
20240202;100751;2890.000000000;1;9505889638;S
20240202;100752;2890.500000000;1;9505889692;S
20240202;100752;2891.500000000;3;9505889711;B
20240202;100752;2890.500000000;34;9505889714;S
20240202;100752;2890.500000000;10;9505889715;S
20240202;100752;2890.000000000;60;9505889716;S
20240202;100752;2890.000000000;1;9505889750;S
20240202;100753;2891.000000000;1;9505890021;S
20240202;100755;2890.500000000;5;9505890378;S
20240202;100757;2890.500000000;30;9505890771;S
20240202;100757;2890.500000000;5;9505890772;S
20240202;100757;2890.500000000;1;9505890773;S
20240202;100757;2890.500000000;1;9505890774;S
20240202;100757;2890.000000000;8;9505890775;S
20240202;100757;2890.000000000;10;9505890776;S
20240202;100757;2890.000000000;3;9505890777;S
20240202;100757;2890.000000000;300;9505890778;S
20240202;100757;2890.000000000;5;9505890779;S
20240202;100757;2890.000000000;37;9505890780;S
20240202;100757;2891.000000000;1;9505890846;B
20240202;100758;2890.500000000;35;9505890982;S
20240202;100805;2890.000000000;63;9505892492;S
20240202;100805;2890.000000000;1;9505892493;S
20240202;100805;2890.000000000;1;9505892494;S
20240202;100805;2889.500000000;15;9505892495;S
20240202;100808;2889.500000000;10;9505893034;S
20240202;100808;2889.500000000;10;9505893089;S
20240202;100809;2889.500000000;10;9505893123;S
20240202;100809;2890.000000000;5;9505893136;B
20240202;100809;2890.000000000;35;9505893137;B
20240202;100809;2890.000000000;3;9505893138;B
20240202;100809;2890.500000000;57;9505893139;B
20240202;100810;2889.500000000;6;9505893399;S
20240202;100810;2889.500000000;10;9505893467;S
20240202;100811;2890.000000000;1;9505893517;B
20240202;100811;2889.500000000;10;9505893538;S
20240202;100812;2889.500000000;10;9505893683;S
20240202;100813;2889.500000000;20;9505893797;S
20240202;100813;2889.500000000;15;9505893851;S
20240202;100815;2889.500000000;5;9505894147;S
20240202;100815;2889.500000000;3;9505894157;S
20240202;100816;2889.500000000;6;9505894211;S
20240202;100816;2888.000000000;2;9505894294;S
20240202;100816;2888.000000000;2;9505894295;S
20240202;100816;2888.000000000;1;9505894296;S
20240202;100816;2888.000000000;1;9505894297;S
20240202;100816;2888.000000000;1;9505894298;S
20240202;100816;2888.000000000;3;9505894299;S
20240202;100816;2888.000000000;4;9505894300;S
20240202;100816;2888.000000000;1;9505894301;S
20240202;100816;2888.000000000;3;9505894302;S
20240202;100816;2888.000000000;2;9505894303;S
20240202;100816;2888.000000000;1;9505894304;S
20240202;100820;2888.000000000;15;9505895556;B
20240202;100825;2887.500000000;1;9505896591;S
20240202;100825;2887.500000000;2;9505896592;S
20240202;100825;2887.500000000;17;9505896593;S
20240202;100825;2887.500000000;8;9505896595;S
20240202;100825;2888.000000000;1;9505896636;B
20240202;100826;2887.500000000;2;9505896782;S
20240202;100826;2887.500000000;5;9505896801;S
20240202;100826;2887.500000000;15;9505896802;S
20240202;100826;2887.500000000;10;9505896832;S
20240202;100826;2887.500000000;2;9505896867;S
20240202;100826;2887.500000000;3;9505896868;S
20240202;100826;2887.500000000;5;9505896869;S
20240202;100827;2888.000000000;1;9505897167;B
20240202;100828;2887.500000000;5;9505897303;S
20240202;100828;2887.500000000;25;9505897304;S
20240202;100829;2888.000000000;1;9505897523;B
20240202;100829;2888.000000000;5;9505897602;B
20240202;100830;2887.500000000;2;9505897735;S
20240202;100830;2887.000000000;23;9505897736;S
20240202;100830;2887.500000000;2;9505897784;S
20240202;100830;2888.000000000;26;9505897793;B
20240202;100830;2888.000000000;4;9505897794;B
20240202;100830;2888.000000000;5;9505897795;B
20240202;100830;2888.000000000;10;9505897796;S
20240202;100830;2888.000000000;10;9505897797;S
20240202;100831;2888.000000000;20;9505897799;S
20240202;100831;2888.000000000;4;9505897822;S
20240202;100831;2888.000000000;20;9505897823;S
20240202;100833;2888.000000000;1;9505898383;S
20240202;100833;2888.000000000;19;9505898384;S
20240202;100834;2888.000000000;5;9505898542;S
20240202;100834;2888.000000000;3;9505898626;S
20240202;100834;2888.000000000;20;9505898627;S
20240202;100835;2888.500000000;1;9505898741;B
20240202;100836;2888.500000000;1;9505898890;B
20240202;100836;2888.000000000;1;9505899061;B
20240202;100837;2887.500000000;11;9505899093;S
20240202;100837;2888.000000000;19;9505899190;B
20240202;100837;2888.000000000;5;9505899191;B
20240202;100837;2888.500000000;3;9505899192;B
20240202;100840;2889.000000000;1;9505899642;B
20240202;100842;2889.000000000;1;9505899900;B
20240202;100846;2889.000000000;5;9505900499;B
20240202;100847;2889.000000000;5;9505900755;B
20240202;100849;2888.000000000;9;9505901275;S
20240202;100851;2888.500000000;1;9505901733;B
20240202;100854;2889.000000000;4;9505902228;B
20240202;100854;2888.000000000;1;9505902321;S
20240202;100854;2888.000000000;1;9505902322;S
20240202;100854;2888.000000000;29;9505902323;S
20240202;100856;2888.000000000;1;9505902604;S
20240202;100859;2887.500000000;25;9505903089;S
20240202;100859;2888.000000000;10;9505903114;B
20240202;100900;2888.000000000;60;9505903329;B
20240202;100901;2888.000000000;29;9505903442;B
20240202;100901;2888.000000000;1;9505903443;B
20240202;100901;2888.500000000;45;9505903444;B
20240202;100901;2889.000000000;6;9505903445;B
20240202;100901;2889.000000000;35;9505903446;B
20240202;100901;2889.000000000;12;9505903447;B
20240202;100905;2889.500000000;20;9505904144;B
20240202;100907;2889.500000000;5;9505904498;B
20240202;100907;2889.500000000;21;9505904499;B
20240202;100909;2890.000000000;1;9505905174;B
20240202;100909;2888.500000000;2;9505905183;S
20240202;100909;2888.500000000;10;9505905304;S
20240202;100912;2888.500000000;1;9505906319;S
20240202;100912;2888.500000000;12;9505906380;S
20240202;100913;2888.500000000;7;9505906525;S
20240202;100920;2888.500000000;1;9505907858;B
20240202;100920;2888.500000000;1;9505907945;B
20240202;100921;2888.500000000;3;9505908129;B
20240202;100925;2888.500000000;1;9505908731;S
20240202;100927;2889.000000000;6;9505909163;B
20240202;100929;2889.000000000;1;9505909543;S
20240202;100931;2889.000000000;5;9505909956;S
20240202;100933;2889.500000000;3;9505910415;B
20240202;100935;2889.000000000;34;9505910673;S
20240202;100935;2889.000000000;5;9505910674;S
20240202;100936;2888.500000000;2;9505911774;S
20240202;100938;2889.000000000;5;9505912077;S
20240202;100938;2889.000000000;45;9505912078;B
20240202;100939;2889.000000000;32;9505912309;S
20240202;100939;2889.000000000;27;9505912310;S
20240202;100939;2888.500000000;13;9505912311;S
20240202;100939;2888.500000000;6;9505912312;S
20240202;100939;2888.500000000;35;9505912313;S
20240202;100939;2888.500000000;5;9505912314;S
20240202;100939;2888.000000000;17;9505912315;S
20240202;100939;2888.000000000;360;9505912316;S
20240202;100939;2888.000000000;30;9505912317;S
20240202;100939;2888.000000000;3;9505912318;S
20240202;100939;2887.500000000;68;9505912319;S
20240202;100939;2887.500000000;1;9505912320;S
20240202;100939;2887.500000000;4;9505912321;S
20240202;100941;2887.500000000;10;9505912755;B
20240202;100941;2887.000000000;50;9505912862;S
20240202;100941;2887.000000000;10;9505912863;S
20240202;100941;2887.000000000;17;9505912864;S
20240202;100941;2887.000000000;1;9505912865;S
20240202;100941;2887.000000000;2;9505912866;S
20240202;100941;2887.000000000;37;9505912867;S
20240202;100941;2887.000000000;1;9505912868;S
20240202;100941;2887.000000000;1;9505912869;S
20240202;100941;2887.000000000;1;9505912870;S
20240202;100941;2887.000000000;2;9505912871;S
20240202;100941;2887.000000000;2;9505912872;S
20240202;100941;2887.000000000;6;9505912873;S
20240202;100942;2887.500000000;2;9505912903;B
20240202;100942;2887.500000000;10;9505912980;B
20240202;100942;2887.500000000;3;9505913092;B
20240202;100944;2887.500000000;1;9505913383;B
20240202;100948;2887.500000000;20;9505913882;B
20240202;100948;2887.500000000;100;9505914008;B
20240202;100953;2887.500000000;20;9505914764;B
20240202;100953;2887.500000000;15;9505914833;B
20240202;100955;2887.500000000;24;9505915052;B
20240202;100956;2887.500000000;10;9505915141;B
20240202;100957;2887.500000000;1;9505915250;B
20240202;100957;2887.000000000;5;9505915286;S
20240202;100958;2887.000000000;2;9505915405;S
20240202;100959;2887.500000000;1;9505915495;B
20240202;101004;2887.000000000;22;9505916392;S
20240202;101004;2887.000000000;4;9505916393;S
20240202;101004;2887.000000000;2;9505916394;S
20240202;101004;2886.500000000;1;9505916395;S
20240202;101004;2886.500000000;5;9505916396;S
20240202;101004;2886.000000000;1;9505916397;S
20240202;101004;2886.000000000;1;9505916398;S
20240202;101004;2886.000000000;54;9505916399;S
20240202;101004;2885.500000000;40;9505916400;S
20240202;101004;2885.500000000;10;9505916401;S
20240202;101004;2885.500000000;35;9505916402;S
20240202;101004;2885.000000000;4;9505916403;S
20240202;101004;2885.000000000;1;9505916404;S
20240202;101004;2885.000000000;1;9505916405;S
20240202;101004;2885.000000000;1;9505916406;S
20240202;101004;2885.000000000;12;9505916407;S
20240202;101004;2885.000000000;1;9505916408;S
20240202;101004;2885.000000000;25;9505916409;S
20240202;101004;2885.000000000;25;9505916410;S
20240202;101004;2885.500000000;14;9505916466;S
20240202;101004;2886.500000000;1;9505916482;B
20240202;101005;2885.500000000;2;9505916512;S
20240202;101005;2885.500000000;7;9505916567;S
20240202;101012;2886.000000000;5;9505918049;B
20240202;101014;2885.500000000;2;9505918484;S
20240202;101014;2885.500000000;7;9505918485;S
20240202;101014;2886.000000000;2;9505918577;B
20240202;101015;2885.500000000;28;9505918672;S
20240202;101015;2886.000000000;5;9505918806;B
20240202;101015;2886.500000000;10;9505918807;B
20240202;101015;2886.500000000;50;9505918808;B
20240202;101015;2887.000000000;35;9505918809;B
20240202;101018;2885.500000000;35;9505919242;S
20240202;101018;2885.500000000;15;9505919243;S
20240202;101025;2886.000000000;2;9505920717;B
20240202;101025;2886.000000000;5;9505920718;B
20240202;101033;2886.000000000;5;9505922529;S
20240202;101033;2886.000000000;35;9505922530;S
20240202;101033;2886.000000000;7;9505922531;S
20240202;101033;2885.500000000;4;9505922532;S
20240202;101035;2886.000000000;3;9505922998;S
20240202;101036;2886.500000000;10;9505923137;B
20240202;101036;2886.500000000;10;9505923138;B
20240202;101036;2886.500000000;3;9505923139;B
20240202;101037;2886.000000000;35;9505923265;S
20240202;101037;2886.000000000;5;9505923266;S
20240202;101039;2886.000000000;1;9505923571;S
20240202;101041;2886.500000000;7;9505923981;B
20240202;101041;2886.500000000;3;9505923982;B
20240202;101045;2887.000000000;2;9505924775;B
20240202;101047;2886.500000000;2;9505924948;S
20240202;101047;2886.500000000;2;9505924949;S
20240202;101054;2887.000000000;1;9505926237;B
20240202;101055;2887.000000000;150;9505926341;B
20240202;101056;2886.500000000;3;9505926527;S
20240202;101056;2887.000000000;4;9505926619;B
20240202;101057;2886.500000000;20;9505926810;S
20240202;101058;2886.500000000;5;9505927010;S
20240202;101058;2886.500000000;5;9505927011;S
20240202;101059;2887.000000000;1;9505927240;B
20240202;101103;2886.500000000;1;9505928297;S
20240202;101104;2887.000000000;10;9505928519;B
20240202;101107;2887.000000000;3;9505929028;B
20240202;101109;2887.000000000;2;9505929374;B
20240202;101110;2886.500000000;1;9505929613;S
20240202;101112;2887.000000000;15;9505930304;B
20240202;101113;2887.000000000;123;9505930479;B
20240202;101113;2886.500000000;2;9505930519;S
20240202;101116;2886.500000000;11;9505931099;S
20240202;101116;2886.500000000;35;9505931100;S
20240202;101116;2886.500000000;6;9505931101;S
20240202;101116;2886.500000000;30;9505931102;S
20240202;101116;2886.500000000;2;9505931103;S
20240202;101117;2886.500000000;4;9505931319;S
20240202;101121;2887.000000000;1;9505932190;B
20240202;101121;2887.000000000;3;9505932200;B
20240202;101122;2887.000000000;13;9505932352;B
20240202;101122;2887.500000000;102;9505932353;B
20240202;101127;2887.500000000;80;9505933094;B
20240202;101127;2888.000000000;20;9505933095;B
20240202;101127;2888.500000000;1;9505933096;B
20240202;101130;2888.500000000;1;9505933569;B
20240202;101130;2888.500000000;6;9505933570;B
20240202;101133;2888.500000000;1;9505934106;B
20240202;101134;2888.000000000;1;9505934216;S
20240202;101134;2888.000000000;1;9505934349;S
20240202;101135;2888.500000000;11;9505934467;B
20240202;101135;2889.000000000;18;9505934468;B
20240202;101142;2888.500000000;1;9505935839;S
20240202;101142;2888.500000000;4;9505935840;S
20240202;101142;2889.000000000;4;9505935874;B
20240202;101145;2889.000000000;23;9505936629;B
20240202;101145;2889.500000000;56;9505936630;B
20240202;101153;2889.500000000;1;9505937854;B
20240202;101155;2889.500000000;6;9505938262;B
20240202;101155;2889.500000000;3;9505938317;B
20240202;101156;2889.500000000;2;9505938718;B
20240202;101158;2889.500000000;6;9505939038;B
20240202;101159;2889.500000000;9;9505939151;B
20240202;101159;2890.000000000;1;9505939152;B
20240202;101200;2890.000000000;9;9505939334;B
20240202;101200;2890.000000000;30;9505939338;B
20240202;101201;2890.000000000;24;9505939486;B
20240202;101201;2890.000000000;62;9505939523;B
20240202;101201;2889.500000000;2;9505939536;S
20240202;101202;2890.000000000;20;9505939816;B
20240202;101206;2890.000000000;4;9505940370;B
20240202;101206;2890.000000000;1;9505940371;B
20240202;101206;2889.500000000;20;9505940417;S
20240202;101207;2890.000000000;1;9505940743;B
20240202;101209;2890.000000000;1;9505941022;S
20240202;101209;2890.000000000;1;9505941023;S
20240202;101209;2889.500000000;5;9505941024;S
20240202;101212;2890.000000000;2;9505941507;S
20240202;101212;2890.500000000;1;9505941638;B
20240202;101213;2890.000000000;2;9505941820;S
20240202;101214;2890.500000000;1;9505941971;B
20240202;101216;2890.500000000;1;9505942213;B
20240202;101219;2890.500000000;11;9505942463;B
20240202;101219;2890.500000000;1;9505942464;B
20240202;101219;2890.500000000;19;9505942465;B
20240202;101221;2890.000000000;7;9505942698;S
20240202;101229;2891.500000000;4;9505943984;B
20240202;101231;2891.500000000;6;9505944407;B
20240202;101236;2891.000000000;1;9505945133;S
20240202;101244;2892.000000000;10;9505946244;S
20240202;101244;2892.000000000;10;9505946245;S
20240202;101244;2893.000000000;1;9505946274;B
20240202;101249;2892.500000000;3;9505947083;S
20240202;101249;2892.500000000;1;9505947084;S
20240202;101249;2892.500000000;22;9505947085;S
20240202;101249;2892.500000000;5;9505947086;S
20240202;101249;2892.500000000;5;9505947087;S
20240202;101249;2892.000000000;135;9505947088;S
20240202;101255;2892.000000000;7;9505947840;B
20240202;101257;2892.000000000;20;9505948052;B
20240202;101257;2892.000000000;202;9505948054;B
20240202;101257;2892.000000000;27;9505948055;B
20240202;101257;2892.000000000;86;9505948056;B
20240202;101257;2892.500000000;8;9505948057;B
20240202;101257;2892.500000000;5;9505948058;B
20240202;101257;2893.000000000;10;9505948059;B
20240202;101257;2893.500000000;10;9505948060;B
20240202;101257;2894.000000000;49;9505948061;B
20240202;101257;2894.500000000;10;9505948062;B
20240202;101257;2894.500000000;30;9505948063;B
20240202;101257;2894.500000000;3;9505948064;B
20240202;101301;2891.500000000;1;9505948651;S
20240202;101312;2893.500000000;1;9505949891;B
20240202;101312;2891.500000000;1;9505949896;S
20240202;101312;2891.500000000;1;9505949897;S
20240202;101312;2891.500000000;1;9505949898;S
20240202;101314;2891.500000000;5;9505950230;B
20240202;101319;2892.000000000;5;9505950917;B
20240202;101319;2892.500000000;5;9505950918;B
20240202;101324;2892.000000000;4;9505951549;B
20240202;101325;2891.500000000;4;9505951646;S
20240202;101325;2891.000000000;10;9505951647;S
20240202;101331;2891.000000000;2;9505952592;B
20240202;101332;2890.000000000;1;9505952708;S
20240202;101332;2890.000000000;3;9505952709;S
20240202;101332;2889.500000000;5;9505952710;S
20240202;101332;2889.500000000;2;9505952711;S
20240202;101332;2889.000000000;4;9505952712;S
20240202;101335;2891.000000000;2;9505953026;B
20240202;101412;2891.000000000;10;9505957875;B
20240202;101424;2890.000000000;1;9505959608;S
20240202;101424;2890.000000000;1;9505959642;S
20240202;101424;2890.000000000;1;9505959643;S
20240202;101424;2890.000000000;1;9505959644;S
20240202;101424;2890.000000000;10;9505959645;S
20240202;101424;2890.000000000;10;9505959646;S
20240202;101424;2889.500000000;12;9505959647;S
20240202;101425;2891.000000000;5;9505959701;B
20240202;101427;2891.000000000;1;9505960088;B
20240202;101428;2889.500000000;2;9505960109;S
20240202;101438;2891.000000000;1;9505961526;B
20240202;101440;2890.000000000;5;9505961801;S
20240202;101440;2890.000000000;5;9505961802;S
20240202;101443;2891.000000000;1;9505962232;B
20240202;101443;2890.000000000;10;9505962339;S
20240202;101443;2889.500000000;6;9505962340;S
20240202;101443;2889.500000000;10;9505962341;S
20240202;101443;2889.500000000;2;9505962342;S
20240202;101443;2889.500000000;6;9505962343;S
20240202;101446;2889.000000000;1;9505962708;S
20240202;101452;2891.000000000;6;9505963478;B
20240202;101502;2889.500000000;7;9505964960;S
20240202;101502;2890.000000000;1;9505965142;B
20240202;101505;2889.500000000;4;9505965895;S
20240202;101507;2889.500000000;2;9505966413;B
20240202;101507;2890.000000000;39;9505966414;B
20240202;101507;2890.000000000;5;9505966415;B
20240202;101508;2890.000000000;3;9505966638;S
20240202;101509;2890.000000000;3;9505966827;S
20240202;101517;2890.000000000;4;9505968573;S
20240202;101519;2890.000000000;7;9505969059;S
20240202;101528;2890.000000000;1;9505971023;S
20240202;101533;2890.500000000;2;9505972317;B
20240202;101535;2890.000000000;12;9505972909;S
20240202;101536;2890.000000000;24;9505973123;S
20240202;101536;2890.000000000;6;9505973124;S
20240202;101538;2890.000000000;31;9505973483;S
20240202;101538;2889.500000000;4;9505973484;S
20240202;101538;2889.500000000;5;9505973485;S
20240202;101538;2889.500000000;32;9505973486;S
20240202;101538;2889.000000000;8;9505973487;S
20240202;101543;2889.500000000;5;9505974401;B
20240202;101543;2889.000000000;2;9505974658;S
20240202;101543;2889.000000000;1;9505974659;S
20240202;101543;2889.000000000;2;9505974660;S
20240202;101545;2889.500000000;1;9505974955;B
20240202;101545;2889.500000000;1;9505975012;B
20240202;101546;2889.500000000;1;9505975160;B
20240202;101546;2889.500000000;1;9505975246;B
20240202;101602;2889.000000000;13;9505978468;S
20240202;101602;2889.000000000;5;9505978469;S
20240202;101602;2889.000000000;2;9505978470;S
20240202;101608;2888.500000000;1;9505979485;S
20240202;101608;2889.000000000;1;9505979563;B
20240202;101610;2888.500000000;5;9505979917;S
20240202;101610;2888.500000000;5;9505979918;S
20240202;101610;2889.000000000;17;9505979924;B
20240202;101610;2889.000000000;8;9505979977;S
20240202;101612;2889.000000000;1;9505980236;B
20240202;101612;2888.500000000;1;9505980270;S
20240202;101612;2889.000000000;1;9505980388;B
20240202;101612;2889.000000000;4;9505980389;B
20240202;101621;2889.000000000;1;9505981811;S
20240202;101623;2888.500000000;20;9505982450;S
20240202;101623;2889.000000000;4;9505982500;B
20240202;101623;2889.000000000;8;9505982501;S
20240202;101625;2889.000000000;1;9505982930;S
20240202;101625;2889.000000000;170;9505982960;S
20240202;101626;2889.000000000;1;9505983239;S
20240202;101627;2889.000000000;1;9505983471;S
20240202;101627;2889.000000000;1;9505983536;S
20240202;101636;2889.000000000;3;9505984983;S
20240202;101636;2889.000000000;1;9505984990;S
20240202;101638;2889.500000000;5;9505985309;B
20240202;101638;2889.000000000;17;9505985469;S
20240202;101644;2889.000000000;1;9505986418;S
20240202;101645;2889.500000000;3;9505986792;B
20240202;101646;2889.500000000;10;9505987054;B
20240202;101646;2889.500000000;2;9505987151;B
20240202;101646;2889.500000000;5;9505987152;B
20240202;101646;2890.000000000;3;9505987153;B
20240202;101647;2889.000000000;5;9505987279;S
20240202;101647;2889.000000000;6;9505987280;S
20240202;101647;2889.000000000;3;9505987281;S
20240202;101649;2889.000000000;10;9505987852;S
20240202;101649;2888.500000000;74;9505987853;S
20240202;101649;2888.500000000;2;9505987854;S
20240202;101649;2888.500000000;1;9505987855;S
20240202;101649;2888.500000000;2;9505987856;S
20240202;101649;2888.500000000;5;9505987857;S
20240202;101649;2888.500000000;5;9505987858;S
20240202;101649;2888.000000000;2;9505987859;S
20240202;101649;2888.000000000;5;9505987860;S
20240202;101649;2888.000000000;5;9505987861;S
20240202;101649;2888.000000000;1;9505987862;S
20240202;101649;2888.000000000;8;9505987863;S
20240202;101649;2888.000000000;20;9505987864;S
20240202;101649;2887.500000000;27;9505987865;S
20240202;101649;2887.500000000;16;9505987866;S
20240202;101649;2887.000000000;100;9505987867;S
20240202;101649;2887.000000000;1;9505987868;S
20240202;101649;2886.500000000;10;9505987869;S
20240202;101649;2886.500000000;50;9505987870;S
20240202;101649;2886.000000000;20;9505987871;S
20240202;101649;2886.000000000;6;9505987872;S
20240202;101649;2886.000000000;1;9505987873;S
20240202;101649;2886.000000000;13;9505987874;S
20240202;101650;2886.500000000;2;9505988087;B
20240202;101653;2886.000000000;1;9505988698;S
20240202;101654;2886.500000000;1;9505988749;B
20240202;101701;2886.000000000;4;9505990054;S
20240202;101701;2886.000000000;82;9505990116;S
20240202;101701;2886.000000000;1;9505990117;S
20240202;101701;2886.000000000;3;9505990118;S
20240202;101702;2886.500000000;1;9505990179;B
20240202;101704;2886.500000000;3;9505990719;B
20240202;101705;2886.000000000;10;9505990877;S
20240202;101705;2886.000000000;9;9505990945;S
20240202;101708;2886.500000000;1;9505991586;B
20240202;101709;2886.000000000;1;9505991695;S
20240202;101709;2886.000000000;1;9505991715;S
20240202;101709;2886.000000000;10;9505991747;S
20240202;101709;2886.500000000;1;9505992091;B
20240202;101712;2886.500000000;1;9505992643;B
20240202;101713;2886.000000000;1;9505992801;S
20240202;101714;2886.500000000;5;9505992913;B
20240202;101720;2886.000000000;15;9505994192;S
20240202;101720;2886.000000000;85;9505994193;S
20240202;101720;2886.000000000;15;9505994303;S
20240202;101721;2886.500000000;1;9505994515;B
20240202;101722;2886.000000000;1;9505994836;S
20240202;101723;2886.000000000;98;9505994972;S
20240202;101723;2885.500000000;2;9505994973;S
20240202;101724;2886.500000000;1;9505995182;B
20240202;101724;2886.500000000;10;9505995258;B
20240202;101724;2886.000000000;10;9505995345;B
20240202;101724;2886.000000000;2;9505995387;B
20240202;101724;2886.000000000;10;9505995404;B
20240202;101725;2886.000000000;10;9505995483;B
20240202;101728;2886.000000000;3;9505996381;B
20240202;101730;2886.000000000;1;9505996730;B
20240202;101731;2886.000000000;2;9505996990;B
20240202;101731;2886.000000000;1;9505997040;B
20240202;101731;2885.500000000;1;9505997050;S
20240202;101732;2886.000000000;1;9505997459;B
20240202;101732;2886.000000000;1;9505997466;B
20240202;101740;2886.000000000;10;9505998894;B
20240202;101741;2885.500000000;1;9505999109;S
20240202;101743;2886.000000000;5;9505999593;S
20240202;101743;2885.500000000;96;9505999594;S
20240202;101743;2885.500000000;1;9505999595;S
20240202;101743;2885.500000000;98;9505999596;S
20240202;101746;2885.500000000;2;9506000233;S
20240202;101746;2885.500000000;1;9506000234;S
20240202;101747;2885.500000000;5;9506000335;S
20240202;101747;2885.500000000;2;9506000336;S
20240202;101747;2886.500000000;3;9506000355;B
20240202;101749;2885.500000000;2;9506000627;S
20240202;101749;2885.500000000;1;9506000628;S
20240202;101749;2885.500000000;5;9506000629;S
20240202;101749;2885.000000000;4;9506000630;S
20240202;101749;2885.000000000;388;9506000631;S
20240202;101749;2885.000000000;111;9506000639;S
20240202;101749;2885.000000000;1;9506000640;S
20240202;101749;2886.000000000;1;9506000641;B
20240202;101750;2885.000000000;35;9506000767;S
20240202;101750;2885.000000000;4;9506000768;S
20240202;101750;2885.000000000;1;9506000769;S
20240202;101750;2885.000000000;1;9506000770;S
20240202;101750;2885.000000000;1;9506000771;S
20240202;101750;2885.000000000;1;9506000772;S
20240202;101750;2885.000000000;7;9506000773;S
20240202;101756;2885.000000000;1;9506002097;S
20240202;101759;2886.000000000;1;9506002738;B
20240202;101801;2886.000000000;3;9506003426;B
20240202;101805;2885.500000000;1;9506004338;S
20240202;101807;2886.000000000;1;9506004734;B
20240202;101807;2885.500000000;3;9506004745;S
20240202;101807;2885.500000000;6;9506004746;S
20240202;101807;2885.000000000;1;9506004747;S
20240202;101809;2886.000000000;1;9506005192;B
20240202;101811;2886.000000000;4;9506005551;B
20240202;101811;2886.000000000;24;9506005552;B
20240202;101811;2886.000000000;2;9506005614;S
20240202;101812;2886.500000000;2;9506005695;B
20240202;101814;2886.000000000;74;9506006098;S
20240202;101814;2886.000000000;6;9506006099;S
20240202;101814;2885.500000000;33;9506006100;S
20240202;101814;2885.500000000;7;9506006101;S
20240202;101814;2885.000000000;95;9506006102;S
20240202;101817;2885.500000000;1;9506006866;S
20240202;101819;2886.000000000;1;9506007275;B
20240202;101819;2886.000000000;1;9506007278;B
20240202;101822;2886.000000000;1;9506007819;B
20240202;101823;2885.500000000;3;9506007983;S
20240202;101823;2886.000000000;1;9506008002;B
20240202;101824;2886.000000000;5;9506008107;B
20240202;101824;2885.500000000;3;9506008276;S
20240202;101824;2885.500000000;2;9506008277;S
20240202;101824;2886.000000000;5;9506008292;B
20240202;101828;2885.500000000;5;9506008938;S
20240202;101833;2885.000000000;3;9506009837;S
20240202;101839;2885.000000000;18;9506010990;S
20240202;101847;2885.000000000;3;9506012755;S
20240202;101848;2885.000000000;10;9506013127;S
20240202;101851;2886.000000000;10;9506013680;B
20240202;101851;2886.000000000;10;9506013747;B
20240202;101854;2885.500000000;1;9506014649;S
20240202;101857;2885.500000000;1;9506015126;S
20240202;101859;2885.500000000;8;9506015437;S
20240202;101904;2886.000000000;1;9506016484;B
20240202;101908;2885.500000000;1;9506017188;S
20240202;101909;2886.000000000;2;9506017341;B
20240202;101909;2886.000000000;1;9506017452;B
20240202;101910;2885.500000000;1;9506017559;S
20240202;101915;2885.500000000;10;9506018471;S
20240202;101916;2885.500000000;1;9506018560;S
20240202;101916;2886.000000000;1;9506018671;B
20240202;101916;2886.000000000;3;9506018672;B
20240202;101916;2886.000000000;17;9506018684;B
20240202;101917;2886.500000000;1;9506018691;B
20240202;101919;2886.500000000;10;9506019459;B
20240202;101919;2886.500000000;9;9506019570;B
20240202;101919;2886.500000000;1;9506019571;B
20240202;101923;2886.000000000;50;9506020260;S
20240202;101926;2886.000000000;1;9506020670;S
20240202;101926;2886.000000000;3;9506020699;S
20240202;101928;2886.500000000;3;9506021063;B
20240202;101931;2886.500000000;15;9506021536;B
20240202;101931;2886.000000000;2;9506021582;S
20240202;101931;2886.000000000;20;9506021642;S
20240202;101936;2886.500000000;1;9506022630;B
20240202;101936;2887.000000000;499;9506022631;B
20240202;101936;2887.000000000;38;9506022632;B
20240202;101937;2886.500000000;7;9506022675;S
20240202;101937;2886.500000000;35;9506022676;S
20240202;101937;2886.500000000;5;9506022677;S
20240202;101937;2886.000000000;3;9506022678;S
20240202;101943;2886.500000000;1;9506024019;S
20240202;101944;2886.500000000;1;9506024048;S
20240202;101944;2886.500000000;2;9506024049;S
20240202;101944;2887.000000000;1;9506024124;B
20240202;101945;2887.000000000;50;9506024291;B
20240202;101947;2886.500000000;1;9506024766;S
20240202;101947;2886.500000000;14;9506024767;S
20240202;101947;2887.000000000;20;9506024810;B
20240202;101947;2886.500000000;1;9506024830;S
20240202;101949;2886.500000000;1;9506025264;S
20240202;101952;2886.500000000;19;9506025780;S
20240202;101952;2886.500000000;7;9506025781;S
20240202;101952;2886.500000000;1;9506025782;S
20240202;101954;2886.500000000;1;9506026154;B
20240202;101956;2886.500000000;1;9506026437;B
20240202;101959;2886.000000000;1;9506026941;S
20240202;102004;2886.000000000;20;9506027848;S
20240202;102004;2886.000000000;16;9506027849;S
20240202;102006;2886.500000000;20;9506028125;B
20240202;102006;2886.000000000;1;9506028329;S
20240202;102007;2886.000000000;13;9506028531;S
20240202;102007;2886.000000000;3;9506028532;S
20240202;102007;2886.000000000;27;9506028533;S
20240202;102007;2886.000000000;7;9506028534;S
20240202;102008;2886.000000000;1;9506028689;S
20240202;102011;2886.500000000;1;9506029678;B
20240202;102013;2886.500000000;2;9506031124;B
20240202;102014;2886.500000000;10;9506031450;B
20240202;102017;2886.500000000;1;9506033739;B
20240202;102024;2886.500000000;1;9506036671;B
20240202;102031;2886.500000000;5;9506038982;B
20240202;102031;2886.000000000;1;9506038992;S
20240202;102032;2886.000000000;3;9506039232;S
20240202;102034;2886.000000000;7;9506039503;S
20240202;102036;2886.000000000;50;9506039912;S
20240202;102036;2886.500000000;17;9506039945;B
20240202;102039;2886.500000000;47;9506042593;B
20240202;102039;2886.500000000;3;9506042594;B
20240202;102044;2886.500000000;1;9506043395;B
20240202;102045;2887.000000000;100;9506043943;B
20240202;102046;2886.500000000;1;9506044118;S
20240202;102046;2886.500000000;8;9506044119;S
20240202;102046;2886.000000000;1;9506044120;S
20240202;102047;2886.500000000;1;9506044350;S
20240202;102048;2886.500000000;2;9506045576;S
20240202;102049;2887.000000000;1;9506045725;B
20240202;102050;2886.500000000;20;9506045786;S
20240202;102051;2887.000000000;1;9506045993;B
20240202;102053;2886.500000000;1;9506046547;S
20240202;102054;2886.500000000;5;9506047175;S
20240202;102054;2886.500000000;1;9506047572;S
20240202;102055;2886.500000000;1;9506047769;S
20240202;102057;2887.000000000;2;9506048251;B
20240202;102106;2886.500000000;2;9506052038;S
20240202;102107;2887.000000000;1;9506052170;B
20240202;102107;2886.500000000;1;9506052265;S
20240202;102112;2886.500000000;10;9506053746;S
20240202;102114;2887.000000000;1;9506054984;B
20240202;102115;2887.000000000;2;9506055917;B
20240202;102115;2887.000000000;1;9506055918;B
20240202;102115;2887.000000000;7;9506055919;B
20240202;102115;2887.000000000;18;9506055920;B
20240202;102115;2886.500000000;17;9506055948;S
20240202;102115;2886.500000000;1;9506055949;S
20240202;102116;2886.500000000;20;9506056104;S
20240202;102124;2886.500000000;4;9506058657;S
20240202;102124;2886.500000000;6;9506058658;S
20240202;102126;2887.000000000;1;9506059020;B
20240202;102126;2887.000000000;10;9506059237;B
20240202;102127;2886.500000000;1;9506059770;S
20240202;102129;2886.500000000;1;9506060206;S
20240202;102129;2887.000000000;1;9506060286;B
20240202;102132;2886.500000000;1;9506062028;S
20240202;102132;2886.500000000;50;9506062122;S
20240202;102136;2887.000000000;1;9506063126;B
20240202;102136;2886.500000000;1;9506063133;S
20240202;102143;2886.500000000;1;9506065405;S
20240202;102143;2886.500000000;1;9506065440;S
20240202;102144;2886.500000000;1;9506065619;S
20240202;102144;2886.500000000;1;9506065620;S
20240202;102144;2887.000000000;9;9506065675;B
20240202;102144;2886.500000000;10;9506065699;S
20240202;102145;2886.500000000;16;9506065770;S
20240202;102145;2886.500000000;25;9506065771;S
20240202;102145;2886.500000000;1;9506065772;S
20240202;102145;2886.000000000;26;9506065773;S
20240202;102146;2886.500000000;2;9506066013;B
20240202;102146;2886.000000000;1;9506066117;S
20240202;102148;2886.000000000;1;9506066514;S
20240202;102150;2886.000000000;1;9506068709;S
20240202;102152;2886.500000000;10;9506069128;B
20240202;102152;2886.000000000;1;9506069155;S
20240202;102153;2886.500000000;10;9506069220;B
20240202;102153;2886.500000000;8;9506069300;B
20240202;102153;2886.500000000;2;9506069301;B
20240202;102153;2886.500000000;10;9506069360;B
20240202;102153;2886.500000000;10;9506069403;B
20240202;102156;2886.000000000;2;9506069868;S
20240202;102156;2886.000000000;2;9506069869;S
20240202;102157;2886.500000000;2;9506069972;B
20240202;102159;2886.000000000;1;9506070414;S
20240202;102201;2886.500000000;1;9506070715;B
20240202;102201;2886.500000000;5;9506070885;B
20240202;102202;2886.000000000;1;9506071873;S
20240202;102202;2886.000000000;1;9506072095;S
20240202;102202;2886.000000000;6;9506072153;S
20240202;102203;2886.000000000;1;9506072279;S
20240202;102205;2886.500000000;10;9506072508;B
20240202;102209;2886.500000000;1;9506073881;B
20240202;102209;2886.000000000;10;9506073892;S
20240202;102209;2886.500000000;1;9506073992;B
20240202;102211;2886.000000000;1;9506074196;S
20240202;102211;2886.500000000;2;9506074334;B
20240202;102212;2886.000000000;2;9506074457;S
20240202;102214;2886.000000000;1;9506076516;S
20240202;102215;2886.500000000;1;9506076699;B
20240202;102216;2886.000000000;1;9506076845;S
20240202;102218;2886.000000000;1;9506077171;S
20240202;102224;2886.000000000;24;9506078416;S
20240202;102224;2886.000000000;1;9506078417;S
20240202;102224;2886.000000000;1;9506078418;S
20240202;102224;2886.000000000;1;9506078419;S
20240202;102224;2886.000000000;10;9506078420;S
20240202;102224;2886.000000000;2;9506078421;S
20240202;102224;2886.000000000;2;9506078422;S
20240202;102224;2886.000000000;9;9506078423;S
20240202;102224;2886.000000000;1;9506078456;S
20240202;102224;2886.500000000;2;9506078479;B
20240202;102226;2886.500000000;3;9506079451;B
20240202;102227;2886.500000000;1;9506079599;B
20240202;102229;2886.500000000;10;9506080479;B
20240202;102231;2886.500000000;1;9506080759;B
20240202;102231;2886.000000000;10;9506080944;S
20240202;102231;2886.000000000;2;9506080945;S
20240202;102231;2886.000000000;8;9506080946;S
20240202;102232;2886.500000000;2;9506081178;B
20240202;102232;2886.500000000;8;9506081179;B
20240202;102235;2886.500000000;2;9506082664;B
20240202;102241;2886.000000000;1;9506084414;S
20240202;102241;2886.000000000;2;9506084487;S
20240202;102244;2886.000000000;1;9506086362;S
20240202;102246;2886.500000000;20;9506086953;B
20240202;102249;2886.000000000;6;9506087674;S
20240202;102249;2886.000000000;2;9506087675;S
20240202;102249;2886.000000000;10;9506087676;S
20240202;102249;2886.000000000;8;9506087677;S
20240202;102249;2886.000000000;2;9506087681;B
20240202;102249;2886.000000000;2;9506087684;B
20240202;102249;2886.000000000;2;9506087695;B
20240202;102249;2886.000000000;1;9506087697;B
20240202;102249;2886.000000000;97;9506087713;B
20240202;102249;2886.500000000;3;9506087714;B
20240202;102249;2886.500000000;10;9506087715;B
20240202;102249;2886.500000000;8;9506087716;B
20240202;102249;2887.000000000;2;9506087717;B
20240202;102253;2887.000000000;10;9506090009;B
20240202;102254;2887.000000000;10;9506090127;B
20240202;102254;2887.000000000;10;9506090290;B
20240202;102254;2887.000000000;4;9506090291;B
20240202;102255;2887.000000000;1;9506090595;B
20240202;102255;2887.000000000;10;9506090596;B
20240202;102256;2888.500000000;1;9506090715;B
20240202;102257;2888.000000000;2;9506090870;S
20240202;102300;2888.500000000;5;9506091408;B
20240202;102301;2888.000000000;1;9506091760;S
20240202;102302;2888.500000000;1;9506092993;B
20240202;102303;2888.000000000;4;9506093079;S
20240202;102305;2888.500000000;4;9506093899;B
20240202;102307;2888.000000000;8;9506094202;S
20240202;102308;2888.000000000;2;9506094360;S
20240202;102310;2888.000000000;1;9506094910;S
20240202;102311;2888.500000000;1;9506095718;B
20240202;102314;2888.500000000;10;9506096250;B
20240202;102330;2887.500000000;6;9506101171;S
20240202;102330;2887.500000000;8;9506101172;S
20240202;102335;2887.500000000;5;9506102241;S
20240202;102335;2887.500000000;20;9506102242;S
20240202;102335;2887.000000000;3;9506102243;S
20240202;102338;2888.000000000;15;9506102588;B
20240202;102344;2887.000000000;3;9506105518;S
20240202;102400;2888.000000000;9;9506109696;B
20240202;102428;2888.500000000;3;9506118541;B
20240202;102428;2888.500000000;100;9506118542;B
20240202;102442;2888.500000000;10;9506122038;B
20240202;102448;2888.500000000;1;9506123931;B
20240202;102452;2888.000000000;1;9506124658;B
20240202;102454;2888.000000000;5;9506124803;B
20240202;102459;2888.500000000;3;9506126955;B
20240202;102500;2888.500000000;2;9506127098;B
20240202;102504;2888.500000000;1;9506127898;B
20240202;102505;2888.000000000;1;9506127946;S
20240202;102506;2888.000000000;3;9506128096;S
20240202;102508;2888.500000000;1;9506128942;B
20240202;102509;2888.000000000;6;9506129061;S
20240202;102511;2888.500000000;2;9506129278;B
20240202;102511;2888.500000000;1;9506129279;B
20240202;102514;2888.500000000;8;9506129733;S
20240202;102519;2888.500000000;3;9506130354;S
20240202;102520;2889.000000000;1;9506130525;B
20240202;102520;2889.000000000;10;9506130582;B
20240202;102520;2888.500000000;3;9506130596;S
20240202;102522;2888.500000000;1;9506130805;S
20240202;102524;2888.500000000;1;9506131575;S
20240202;102526;2889.000000000;1;9506131850;B
20240202;102526;2889.000000000;7;9506131860;B
20240202;102530;2889.000000000;1;9506132662;B
20240202;102531;2888.500000000;1;9506132710;S
20240202;102534;2888.500000000;20;9506133116;S
20240202;102534;2889.000000000;5;9506133225;B
20240202;102534;2889.000000000;2;9506133226;B
20240202;102537;2889.000000000;1;9506133595;B
20240202;102537;2889.000000000;1;9506133596;B
20240202;102538;2889.000000000;1;9506133771;B
20240202;102607;2889.000000000;2;9506137375;S
20240202;102610;2889.500000000;7;9506137771;B
20240202;102615;2889.500000000;6;9506138698;B
20240202;102615;2889.500000000;1;9506138757;B
20240202;102616;2889.500000000;17;9506138911;B
20240202;102617;2889.500000000;1;9506138952;B
20240202;102622;2889.500000000;1;9506139630;B
20240202;102623;2889.500000000;1;9506139749;B
20240202;102626;2889.000000000;2;9506140177;S
20240202;102628;2889.000000000;6;9506140344;S
20240202;102628;2889.500000000;3;9506140369;B
20240202;102633;2889.000000000;38;9506140805;S
20240202;102635;2889.000000000;1;9506141269;S
20240202;102637;2889.000000000;1;9506141507;S
20240202;102638;2889.000000000;2;9506141706;S
20240202;102641;2889.500000000;3;9506142251;B
20240202;102641;2889.500000000;20;9506142284;B
20240202;102648;2889.000000000;1;9506143334;S
20240202;102651;2889.500000000;4;9506143617;B
20240202;102654;2889.000000000;3;9506143852;S
20240202;102657;2889.500000000;2;9506144093;B
20240202;102658;2889.500000000;20;9506144313;B
20240202;102659;2889.000000000;1;9506144384;S
20240202;102659;2889.500000000;22;9506144432;B
20240202;102701;2889.000000000;243;9506144601;S
20240202;102701;2889.000000000;10;9506144602;S
20240202;102701;2889.000000000;2;9506144603;S
20240202;102701;2889.000000000;1;9506144604;S
20240202;102701;2889.000000000;15;9506144605;S
20240202;102701;2888.500000000;61;9506144606;S
20240202;102704;2888.500000000;1;9506144989;S
20240202;102722;2888.500000000;2;9506147627;S
20240202;102728;2889.000000000;1;9506148369;B
20240202;102729;2889.000000000;28;9506148427;B
20240202;102734;2888.500000000;1;9506149120;S
20240202;102736;2888.500000000;2;9506149568;S
20240202;102742;2888.500000000;13;9506150326;S
20240202;102742;2889.000000000;2;9506150332;B
20240202;102744;2889.000000000;1;9506150632;B
20240202;102745;2889.000000000;20;9506150677;B
20240202;102746;2888.500000000;1;9506150746;S
20240202;102746;2888.500000000;1;9506150799;S
20240202;102747;2888.500000000;4;9506150828;S
20240202;102749;2889.000000000;5;9506151012;B
20240202;102752;2889.000000000;1;9506151397;B
20240202;102753;2889.000000000;3;9506151593;B
20240202;102754;2888.500000000;100;9506151719;S
20240202;102755;2888.500000000;5;9506151879;S
20240202;102756;2889.000000000;10;9506151901;B
20240202;102756;2889.000000000;10;9506151945;B
20240202;102756;2888.500000000;30;9506152076;S
20240202;102757;2889.000000000;1;9506152136;B
20240202;102758;2889.000000000;1;9506152222;B
20240202;102802;2889.000000000;5;9506152773;B
20240202;102805;2889.000000000;3;9506153125;B
20240202;102805;2889.000000000;1;9506153223;B
20240202;102807;2888.500000000;1;9506153453;S
20240202;102807;2888.500000000;45;9506153455;S
20240202;102810;2889.000000000;7;9506153821;B
20240202;102811;2889.000000000;15;9506153944;B
20240202;102817;2888.500000000;3;9506154643;S
20240202;102818;2888.500000000;6;9506154738;S
20240202;102821;2889.000000000;1;9506155137;B
20240202;102821;2889.000000000;6;9506155183;B
20240202;102821;2889.000000000;2;9506155216;B
20240202;102822;2888.500000000;5;9506155320;S
20240202;102841;2888.500000000;12;9506158581;S
20240202;102842;2889.000000000;4;9506158673;B
20240202;102846;2889.000000000;300;9506159161;B
20240202;102848;2889.000000000;2;9506159450;B
20240202;102848;2889.000000000;19;9506159451;B
20240202;102848;2889.000000000;2;9506159452;B
20240202;102855;2890.000000000;21;9506160997;B
20240202;102856;2890.000000000;1;9506161096;B
20240202;102901;2890.000000000;5;9506161733;B
20240202;102904;2890.000000000;10;9506162071;B
20240202;102909;2890.000000000;3;9506162883;B
20240202;102909;2890.000000000;2;9506162884;B
20240202;102909;2890.000000000;50;9506162885;B
20240202;102909;2890.000000000;4;9506162886;B
20240202;102909;2890.000000000;1;9506162887;B
20240202;102909;2890.000000000;4;9506162888;B
20240202;102917;2890.500000000;1;9506164025;S
20240202;102918;2890.500000000;1;9506164158;S
20240202;102918;2890.500000000;2;9506164159;S
20240202;102920;2890.500000000;4;9506164401;S
20240202;102924;2890.500000000;1;9506164867;S
20240202;102939;2890.500000000;3;9506166569;S
20240202;102940;2891.000000000;1;9506166741;B
20240202;102940;2891.500000000;42;9506166742;B
20240202;102940;2892.000000000;49;9506166743;B
20240202;102943;2890.500000000;26;9506167065;S
20240202;102954;2892.000000000;20;9506168529;B
20240202;103007;2890.500000000;10;9506170396;S
20240202;103007;2890.500000000;24;9506170397;S
20240202;103007;2890.500000000;4;9506170398;S
20240202;103007;2890.500000000;35;9506170399;S
20240202;103007;2890.000000000;97;9506170400;S
20240202;103008;2891.500000000;2;9506170419;B
20240202;103009;2891.500000000;1;9506170584;B
20240202;103010;2891.500000000;10;9506170751;B
20240202;103046;2892.000000000;31;9506175998;B
20240202;103046;2892.000000000;47;9506175999;B
20240202;103046;2892.500000000;20;9506176000;B
20240202;103046;2892.500000000;10;9506176001;B
20240202;103046;2893.000000000;27;9506176002;B
20240202;103046;2893.500000000;104;9506176003;B
20240202;103046;2894.000000000;35;9506176004;B
20240202;103046;2894.000000000;6;9506176005;B
20240202;103046;2894.000000000;8;9506176006;B
20240202;103046;2894.000000000;25;9506176007;B
20240202;103046;2894.000000000;86;9506176008;B
20240202;103046;2894.500000000;1;9506176009;B
20240202;103105;2892.500000000;4;9506178130;S
20240202;103108;2894.500000000;27;9506178423;B
20240202;103123;2894.000000000;9;9506180163;B
20240202;103123;2894.500000000;10;9506180164;B
20240202;103123;2894.500000000;1;9506180165;B
20240202;103123;2891.500000000;1;9506180238;S
20240202;103124;2892.500000000;3;9506180396;B
20240202;103127;2894.500000000;4;9506180704;B
20240202;103133;2892.500000000;36;9506181355;S
20240202;103207;2891.500000000;1;9506185192;S
20240202;103207;2891.500000000;10;9506185193;S
20240202;103207;2891.500000000;9;9506185194;S
20240202;103207;2891.500000000;1;9506185195;S
20240202;103210;2893.000000000;1;9506185865;B
20240202;103210;2893.500000000;1;9506185866;B
20240202;103210;2893.500000000;9;9506185867;B
20240202;103210;2894.000000000;4;9506185868;B
20240202;103217;2890.500000000;1;9506187250;S
20240202;103224;2894.000000000;1;9506188192;B
20240202;103228;2891.000000000;9;9506188600;S
20240202;103228;2891.000000000;6;9506188601;S
20240202;103255;2891.500000000;2;9506191527;S
20240202;103255;2891.000000000;2;9506191528;S
20240202;103255;2891.000000000;6;9506191529;S
20240202;103301;2893.500000000;1;9506192344;B
20240202;103309;2891.000000000;1;9506193186;S
20240202;103313;2891.000000000;2;9506193665;S
20240202;103329;2891.000000000;1;9506196289;S
20240202;103329;2891.000000000;9;9506196290;S
20240202;103334;2891.000000000;7;9506197190;S
20240202;103334;2890.500000000;3;9506197191;S
20240202;103347;2890.500000000;40;9506198932;S
20240202;103347;2890.500000000;9;9506198933;S
20240202;103347;2890.500000000;8;9506198934;S
20240202;103347;2891.000000000;10;9506198935;S
20240202;103358;2891.000000000;11;9506200203;S
20240202;103358;2891.000000000;9;9506200204;S
20240202;103358;2891.000000000;1;9506200205;S
20240202;103431;2892.000000000;1;9506204221;B
20240202;103439;2890.500000000;1;9506205012;S
20240202;103439;2890.500000000;4;9506205013;S
20240202;103509;2891.500000000;1;9506208444;B
20240202;103532;2892.000000000;1;9506210839;B
20240202;103542;2890.500000000;4;9506211870;S
20240202;103550;2890.500000000;5;9506213113;S
20240202;103557;2890.500000000;1;9506213845;S
20240202;103557;2890.500000000;9;9506213892;S
20240202;103558;2890.500000000;1;9506213949;B
20240202;103601;2890.000000000;1;9506214350;S
20240202;103603;2890.500000000;1;9506214494;B
20240202;103603;2890.500000000;1;9506214495;B
20240202;103727;2890.500000000;1;9506222716;S
20240202;103728;2892.000000000;2;9506222787;B
20240202;103732;2890.500000000;2;9506223197;S
20240202;103733;2890.500000000;5;9506223307;S
20240202;103735;2890.500000000;1;9506223520;S
20240202;103740;2890.500000000;9;9506223967;S
20240202;103741;2890.500000000;5;9506224039;S
20240202;103741;2890.500000000;9;9506224040;S
20240202;103741;2890.500000000;5;9506224041;S
20240202;103741;2890.000000000;38;9506224042;S
20240202;103741;2890.000000000;5;9506224043;S
20240202;103741;2890.000000000;48;9506224044;S
20240202;103752;2891.000000000;10;9506224981;B
20240202;103801;2890.000000000;5;9506226259;S
20240202;103821;2890.500000000;18;9506228097;S
20240202;103821;2890.500000000;9;9506228106;S
20240202;103821;2890.000000000;4;9506228107;S
20240202;103821;2890.000000000;7;9506228108;S
20240202;103824;2890.000000000;50;9506228426;S
20240202;103827;2890.500000000;1;9506228686;B
20240202;103827;2891.000000000;1;9506228712;B
20240202;103827;2891.000000000;1;9506228713;B
20240202;103833;2890.500000000;4;9506229290;S
20240202;103833;2890.000000000;16;9506229291;S
20240202;103841;2891.000000000;1;9506229904;B
20240202;103849;2890.000000000;27;9506230641;S
20240202;103849;2890.000000000;10;9506230642;S
20240202;103849;2890.000000000;4;9506230643;S
20240202;103849;2890.000000000;1;9506230644;S
20240202;103849;2890.000000000;1;9506230645;S
20240202;103849;2890.000000000;2;9506230646;S
20240202;103849;2890.000000000;29;9506230647;S
20240202;103849;2890.000000000;10;9506230648;S
20240202;103849;2890.000000000;2;9506230649;S
20240202;103849;2890.000000000;1;9506230650;S
20240202;103849;2889.500000000;27;9506230651;S
20240202;103849;2889.500000000;86;9506230652;S
20240202;103849;2889.500000000;9;9506230653;S
20240202;103849;2889.000000000;1;9506230654;S
20240202;103849;2889.000000000;5;9506230655;S
20240202;103849;2888.500000000;207;9506230656;S
20240202;103849;2888.500000000;8;9506230657;S
20240202;103849;2888.000000000;2;9506230658;S
20240202;103849;2888.000000000;10;9506230659;S
20240202;103849;2888.000000000;1;9506230660;S
20240202;103849;2888.000000000;2;9506230661;S
20240202;103849;2888.000000000;2;9506230662;S
20240202;103849;2888.000000000;3;9506230663;S
20240202;103850;2888.500000000;1;9506230738;S
20240202;103853;2888.500000000;15;9506230986;S
20240202;103911;2888.000000000;10;9506232816;S
20240202;103916;2889.000000000;2;9506233453;B
20240202;103922;2889.000000000;9;9506234216;B
20240202;103922;2889.500000000;25;9506234217;B
20240202;103926;2889.500000000;9;9506234559;B
20240202;103935;2888.000000000;7;9506235260;S
20240202;103935;2888.000000000;8;9506235261;S
20240202;103936;2889.000000000;9;9506235368;B
20240202;103936;2889.000000000;1;9506235369;B
20240202;103936;2889.500000000;14;9506235370;B
20240202;103942;2889.500000000;9;9506235946;B
20240202;103944;2888.500000000;1;9506236146;S
20240202;103952;2888.500000000;1;9506236891;S
20240202;103952;2888.000000000;24;9506236892;S
20240202;103954;2888.000000000;18;9506237098;S
20240202;103954;2888.000000000;7;9506237099;S
20240202;104002;2889.000000000;1;9506238014;B
20240202;104004;2888.000000000;8;9506238118;S
20240202;104004;2888.000000000;1;9506238119;S
20240202;104004;2887.500000000;1;9506238120;S
20240202;104021;2889.000000000;1;9506239985;B
20240202;104022;2889.000000000;16;9506240029;B
20240202;104047;2890.000000000;5;9506242510;B
20240202;104100;2889.000000000;1;9506243522;B
20240202;104108;2889.000000000;1;9506244077;B
20240202;104114;2889.000000000;3;9506244742;B
20240202;104119;2889.000000000;8;9506245270;B
20240202;104119;2889.000000000;25;9506245271;B
20240202;104119;2889.000000000;7;9506245272;S
20240202;104122;2888.500000000;1;9506245495;S
20240202;104122;2888.000000000;2;9506245496;S
20240202;104124;2888.000000000;1;9506245656;S
20240202;104127;2888.000000000;1;9506245905;S
20240202;104128;2888.500000000;1;9506245956;B
20240202;104134;2888.000000000;1;9506246488;S
20240202;104139;2888.500000000;2;9506246921;B
20240202;104140;2888.500000000;1;9506246985;B
20240202;104142;2888.500000000;1;9506247088;B
20240202;104142;2888.500000000;9;9506247089;B
20240202;104144;2888.000000000;1;9506247245;S
20240202;104148;2888.500000000;1;9506247583;B
20240202;104154;2888.500000000;1;9506247971;B
20240202;104154;2888.500000000;1;9506248015;B
20240202;104157;2888.000000000;30;9506248351;S
20240202;104158;2888.000000000;56;9506248379;S
20240202;104200;2888.000000000;8;9506248517;S
20240202;104200;2888.000000000;4;9506248518;S
20240202;104200;2888.000000000;50;9506248519;S
20240202;104207;2887.500000000;1;9506249142;S
20240202;104212;2887.500000000;1;9506249540;S
20240202;104212;2887.500000000;6;9506249541;S
20240202;104215;2888.000000000;1;9506249757;B
20240202;104221;2888.000000000;9;9506250328;B
20240202;104226;2887.000000000;1;9506250692;S
20240202;104226;2887.000000000;11;9506250693;S
20240202;104226;2887.000000000;1;9506250694;S
20240202;104226;2887.000000000;5;9506250695;S
20240202;104226;2887.000000000;4;9506250696;S
20240202;104226;2887.000000000;70;9506250697;S
20240202;104232;2886.500000000;104;9506251065;S
20240202;104238;2886.000000000;1;9506251544;S
20240202;104238;2886.000000000;134;9506251545;S
20240202;104240;2886.000000000;1;9506251721;S
20240202;104242;2886.500000000;1;9506251838;B
20240202;104243;2886.500000000;2;9506251960;B
20240202;104250;2886.000000000;100;9506252481;S
20240202;104251;2886.000000000;1;9506252557;S
20240202;104258;2886.000000000;1;9506253088;S
20240202;104300;2886.500000000;1;9506253256;B
20240202;104312;2886.000000000;2;9506254094;S
20240202;104313;2886.000000000;30;9506254157;S
20240202;104332;2886.500000000;1;9506255623;B
20240202;104332;2886.500000000;2;9506255624;B
20240202;104344;2886.500000000;1;9506256636;B
20240202;104355;2886.500000000;1;9506257545;B
20240202;104355;2886.500000000;8;9506257546;B
20240202;104355;2887.000000000;1;9506257547;B
20240202;104359;2886.500000000;5;9506257868;S
20240202;104420;2886.000000000;25;9506260416;S
20240202;104426;2886.500000000;3;9506261319;B
20240202;104428;2886.500000000;4;9506261761;B
20240202;104437;2886.500000000;1;9506263195;B
20240202;104444;2886.500000000;5;9506264214;B
20240202;104445;2886.000000000;6;9506264277;S
20240202;104445;2886.000000000;1;9506264278;S
20240202;104445;2886.000000000;1;9506264279;S
20240202;104446;2886.000000000;9;9506264491;S
20240202;104446;2886.000000000;1;9506264492;S
20240202;104447;2886.000000000;14;9506264579;S
20240202;104447;2886.000000000;5;9506264580;S
20240202;104447;2886.000000000;10;9506264581;S
20240202;104447;2886.000000000;15;9506264582;S
20240202;104447;2886.000000000;6;9506264583;S
20240202;104449;2886.500000000;37;9506264948;B
20240202;104449;2886.500000000;8;9506264949;B
20240202;104449;2886.500000000;1;9506264950;B
20240202;104449;2886.500000000;4;9506264951;B
20240202;104449;2887.000000000;1;9506264952;B
20240202;104449;2887.000000000;9;9506264953;B
20240202;104453;2886.000000000;4;9506265436;S
20240202;104504;2887.000000000;1;9506266556;B
20240202;104504;2887.000000000;4;9506266557;B
20240202;104512;2886.000000000;11;9506267187;S
20240202;104517;2886.000000000;1;9506267787;S
20240202;104521;2886.000000000;1;9506268157;S
20240202;104540;2886.000000000;77;9506269973;S
20240202;104540;2886.000000000;10;9506269974;S
20240202;104540;2886.000000000;1;9506269975;S
20240202;104540;2886.000000000;1;9506269976;S
20240202;104540;2886.000000000;8;9506269977;S
20240202;104540;2885.500000000;50;9506269978;S
20240202;104540;2885.500000000;2;9506269979;S
20240202;104540;2885.500000000;25;9506269980;S
20240202;104540;2885.500000000;5;9506269981;S
20240202;104540;2885.500000000;1;9506269982;S
20240202;104540;2885.500000000;8;9506269983;S
20240202;104540;2885.500000000;42;9506269984;S
20240202;104548;2886.500000000;1;9506270874;B
20240202;104549;2886.000000000;1;9506270935;S
20240202;104622;2886.000000000;10;9506274918;S
20240202;104629;2886.000000000;10;9506275629;S
20240202;104629;2886.000000000;3;9506275630;S
20240202;104641;2886.000000000;1;9506277185;S
20240202;104644;2885.500000000;50;9506277626;S
20240202;104644;2885.500000000;1;9506277627;S
20240202;104644;2885.000000000;121;9506277628;S
20240202;104644;2885.000000000;1;9506277629;S
20240202;104644;2885.000000000;1;9506277630;S
20240202;104644;2885.000000000;3466;9506277631;S
20240202;104644;2885.000000000;2;9506277632;S
20240202;104644;2885.000000000;1;9506277633;S
20240202;104644;2885.000000000;1;9506277634;S
20240202;104644;2885.000000000;1;9506277635;S
20240202;104644;2885.000000000;5;9506277636;S
20240202;104644;2885.000000000;1;9506277637;S
20240202;104644;2885.000000000;1;9506277638;S
20240202;104644;2885.000000000;1;9506277639;S
20240202;104644;2885.000000000;9;9506277640;S
20240202;104644;2885.000000000;1;9506277641;S
20240202;104644;2885.000000000;4;9506277642;S
20240202;104644;2885.000000000;1;9506277643;S
20240202;104644;2885.000000000;10;9506277644;S
20240202;104644;2885.000000000;2;9506277645;S
20240202;104644;2885.000000000;1;9506277646;S
20240202;104644;2885.000000000;40;9506277647;S
20240202;104644;2885.000000000;2;9506277648;S
20240202;104644;2885.000000000;1;9506277649;S
20240202;104644;2885.000000000;5;9506277650;S
20240202;104644;2885.000000000;10;9506277651;S
20240202;104644;2885.000000000;2;9506277652;S
20240202;104644;2885.000000000;10;9506277653;S
20240202;104644;2885.000000000;1;9506277654;S
20240202;104644;2885.000000000;8;9506277655;S
20240202;104644;2884.500000000;1;9506277656;S
20240202;104644;2884.500000000;1;9506277657;S
20240202;104644;2884.500000000;1;9506277658;S
20240202;104644;2884.500000000;100;9506277659;S
20240202;104644;2884.500000000;2;9506277660;S
20240202;104644;2884.500000000;5;9506277661;S
20240202;104644;2884.500000000;5;9506277662;S
20240202;104644;2884.500000000;6;9506277663;S
20240202;104644;2884.000000000;1;9506277664;S
20240202;104644;2884.000000000;1;9506277665;S
20240202;104644;2884.000000000;3;9506277666;S
20240202;104644;2884.000000000;2;9506277667;S
20240202;104644;2884.000000000;5;9506277668;S
20240202;104644;2884.000000000;2;9506277669;S
20240202;104644;2884.000000000;5;9506277670;S
20240202;104644;2884.000000000;10;9506277671;S
20240202;104644;2884.000000000;5;9506277672;S
20240202;104644;2884.000000000;3;9506277673;S
20240202;104644;2884.000000000;27;9506277674;S
20240202;104644;2884.000000000;86;9506277675;S
20240202;104644;2883.500000000;4;9506277676;S
20240202;104644;2883.500000000;1;9506277677;S
20240202;104644;2883.000000000;1;9506277678;S
20240202;104644;2883.000000000;1;9506277679;S
20240202;104644;2883.000000000;5;9506277680;S
20240202;104644;2883.000000000;2;9506277681;S
20240202;104644;2883.000000000;5;9506277682;S
20240202;104644;2883.000000000;3;9506277683;S
20240202;104644;2883.000000000;10;9506277684;S
20240202;104644;2883.000000000;5;9506277685;S
20240202;104644;2883.000000000;10;9506277686;S
20240202;104644;2882.500000000;10;9506277687;S
20240202;104644;2882.500000000;1;9506277688;S
20240202;104644;2882.500000000;1;9506277689;S
20240202;104644;2882.500000000;1;9506277690;S
20240202;104644;2882.500000000;5;9506277691;S
20240202;104644;2882.500000000;1;9506277692;S
20240202;104644;2882.500000000;30;9506277693;S
20240202;104644;2882.000000000;10;9506277694;S
20240202;104644;2882.000000000;35;9506277695;S
20240202;104644;2882.000000000;1;9506277696;S
20240202;104644;2882.000000000;10;9506277697;S
20240202;104644;2882.000000000;1;9506277698;S
20240202;104644;2882.000000000;1;9506277699;S
20240202;104644;2882.000000000;1;9506277700;S
20240202;104644;2882.000000000;1;9506277701;S
20240202;104644;2882.000000000;1;9506277702;S
20240202;104644;2882.000000000;1;9506277703;S
20240202;104644;2882.000000000;4;9506277704;S
20240202;104644;2882.000000000;70;9506277705;S
20240202;104644;2881.500000000;1;9506277706;S
20240202;104644;2881.500000000;12;9506277707;S
20240202;104644;2881.500000000;1;9506277708;S
20240202;104644;2881.500000000;5;9506277709;S
20240202;104644;2881.500000000;27;9506277710;S
20240202;104644;2881.500000000;7;9506277711;S
20240202;104644;2881.000000000;5;9506277712;S
20240202;104644;2881.000000000;1;9506277713;S
20240202;104644;2881.000000000;10;9506277714;S
20240202;104644;2881.000000000;1;9506277715;S
20240202;104644;2881.000000000;30;9506277716;S
20240202;104644;2881.500000000;50;9506277717;S
20240202;104644;2882.000000000;2;9506277718;B
20240202;104644;2881.000000000;4;9506277732;S
20240202;104644;2881.000000000;2;9506277733;S
20240202;104644;2881.000000000;64;9506277734;S
20240202;104644;2881.000000000;50;9506277735;S
20240202;104644;2881.000000000;1;9506277736;S
20240202;104644;2881.000000000;1;9506277737;S
20240202;104644;2881.000000000;2;9506277738;S
20240202;104644;2881.000000000;2;9506277739;S
20240202;104644;2881.000000000;1;9506277740;S
20240202;104644;2881.000000000;20;9506277741;S
20240202;104644;2881.000000000;17;9506277742;S
20240202;104644;2881.000000000;5;9506277743;S
20240202;104644;2881.000000000;1;9506277744;S
20240202;104644;2880.500000000;1;9506277745;S
20240202;104644;2880.500000000;1;9506277746;S
20240202;104644;2880.500000000;1;9506277747;S
20240202;104644;2880.500000000;1;9506277748;S
20240202;104644;2880.500000000;26;9506277749;S
20240202;104644;2880.500000000;5;9506277750;S
20240202;104644;2880.500000000;20;9506277751;S
20240202;104644;2880.500000000;1;9506277752;S
20240202;104644;2880.500000000;1;9506277753;S
20240202;104644;2880.500000000;2;9506277754;S
20240202;104644;2880.500000000;60;9506277755;S
20240202;104644;2880.500000000;1;9506277756;S
20240202;104644;2880.500000000;8;9506277757;S
20240202;104644;2880.500000000;86;9506277758;S
20240202;104644;2880.000000000;2;9506277759;S
20240202;104644;2880.000000000;1;9506277760;S
20240202;104644;2880.000000000;10;9506277761;S
20240202;104644;2880.000000000;4;9506277762;S
20240202;104644;2880.000000000;1;9506277763;S
20240202;104644;2880.000000000;9;9506277764;S
20240202;104644;2880.000000000;7;9506277765;S
20240202;104644;2880.000000000;1;9506277766;S
20240202;104644;2880.000000000;25;9506277767;S
20240202;104644;2880.000000000;1;9506277768;S
20240202;104644;2880.000000000;50;9506277769;S
20240202;104644;2880.000000000;4;9506277770;S
20240202;104644;2880.000000000;20;9506277771;S
20240202;104644;2880.000000000;10;9506277772;S
20240202;104644;2880.000000000;5;9506277773;S
20240202;104644;2880.000000000;1;9506277774;S
20240202;104644;2880.000000000;1;9506277775;S
20240202;104644;2880.000000000;1;9506277776;S
20240202;104644;2880.000000000;1;9506277777;S
20240202;104644;2880.000000000;5;9506277778;S
20240202;104644;2880.000000000;1;9506277779;S
20240202;104644;2880.000000000;3;9506277780;S
20240202;104644;2880.000000000;5;9506277781;S
20240202;104644;2880.000000000;4;9506277782;S
20240202;104644;2880.000000000;1;9506277783;S
20240202;104644;2880.000000000;1;9506277784;S
20240202;104644;2880.000000000;2;9506277785;S
20240202;104644;2880.000000000;1;9506277786;S
20240202;104644;2880.000000000;1;9506277787;S
20240202;104644;2880.000000000;7;9506277788;S
20240202;104644;2880.000000000;2;9506277789;S
20240202;104644;2880.000000000;10;9506277790;S
20240202;104644;2880.000000000;1;9506277791;S
20240202;104644;2880.000000000;2;9506277792;S
20240202;104644;2880.000000000;1;9506277793;S
20240202;104644;2880.000000000;1;9506277794;S
20240202;104644;2880.000000000;1;9506277795;S
20240202;104644;2880.000000000;1;9506277796;S
20240202;104644;2880.000000000;5;9506277797;S
20240202;104644;2880.000000000;10;9506277798;S
20240202;104644;2880.000000000;2;9506277799;S
20240202;104644;2880.000000000;35;9506277800;S
20240202;104644;2880.000000000;22;9506277801;S
20240202;104644;2880.000000000;144;9506277802;S
20240202;104644;2880.000000000;6;9506277804;S
20240202;104644;2880.000000000;300;9506277805;S
20240202;104644;2880.000000000;3;9506277806;S
20240202;104644;2880.000000000;10;9506277808;S
20240202;104644;2880.000000000;37;9506277809;S
20240202;104644;2880.000000000;1;9506277810;S
20240202;104644;2880.000000000;4;9506277811;S
20240202;104644;2880.000000000;15;9506277812;S
20240202;104644;2880.000000000;2;9506277813;S
20240202;104644;2879.500000000;1;9506277814;S
20240202;104644;2879.500000000;33;9506277815;S
20240202;104644;2879.500000000;86;9506277816;S
20240202;104644;2879.500000000;10;9506277817;S
20240202;104644;2879.500000000;8;9506277818;S
20240202;104644;2879.000000000;20;9506277819;S
20240202;104644;2879.000000000;69;9506277820;S
20240202;104644;2879.000000000;60;9506277821;S
20240202;104644;2879.000000000;35;9506277822;S
20240202;104644;2879.000000000;38;9506277823;S
20240202;104644;2879.000000000;1;9506277824;S
20240202;104644;2879.000000000;3;9506277825;S
20240202;104644;2879.000000000;20;9506277826;S
20240202;104644;2879.000000000;1;9506277827;S
20240202;104644;2879.000000000;5;9506277828;S
20240202;104644;2879.000000000;5;9506277829;S
20240202;104644;2879.000000000;1;9506277830;S
20240202;104644;2879.000000000;27;9506277831;S
20240202;104644;2878.500000000;18;9506277832;S
20240202;104644;2879.000000000;100;9506277833;S
20240202;104644;2879.000000000;1;9506277834;S
20240202;104644;2880.500000000;2;9506277837;B
20240202;104644;2880.500000000;3;9506277838;B
20240202;104644;2880.500000000;1;9506277839;B
20240202;104644;2878.500000000;2;9506277843;S
20240202;104644;2878.500000000;1;9506277844;S
20240202;104644;2878.500000000;1;9506277845;S
20240202;104644;2878.500000000;12;9506277846;S
20240202;104644;2878.500000000;18;9506277860;S
20240202;104644;2878.500000000;24;9506277861;S
20240202;104644;2878.000000000;8;9506277862;S
20240202;104644;2878.000000000;7;9506277868;S
20240202;104644;2878.000000000;13;9506277869;S
20240202;104644;2878.000000000;1;9506277870;S
20240202;104644;2878.000000000;5;9506277871;S
20240202;104644;2878.000000000;1;9506277872;S
20240202;104644;2878.000000000;5;9506277873;S
20240202;104644;2878.000000000;1;9506277874;S
20240202;104644;2878.000000000;1;9506277875;S
20240202;104644;2878.000000000;1;9506277876;S
20240202;104644;2878.000000000;1;9506277877;S
20240202;104644;2878.000000000;5;9506277878;S
20240202;104644;2877.500000000;1;9506277879;S
20240202;104644;2877.500000000;1;9506277880;S
20240202;104644;2877.500000000;1;9506277881;S
20240202;104644;2877.500000000;3;9506277882;S
20240202;104644;2879.000000000;1;9506277891;B
20240202;104644;2877.500000000;2;9506277892;S
20240202;104644;2877.500000000;50;9506277899;S
20240202;104644;2878.500000000;5;9506277900;B
20240202;104644;2878.500000000;5;9506277901;B
20240202;104644;2878.000000000;5;9506277902;B
20240202;104644;2877.500000000;4;9506277903;S
20240202;104644;2877.500000000;1;9506277905;S
20240202;104644;2877.500000000;41;9506277906;S
20240202;104644;2877.500000000;199;9506277907;S
20240202;104644;2877.500000000;12;9506277908;S
20240202;104644;2877.000000000;1;9506277909;S
20240202;104644;2877.000000000;10;9506277910;S
20240202;104644;2877.000000000;1;9506277911;S
20240202;104644;2877.000000000;1;9506277912;S
20240202;104644;2877.000000000;8;9506277913;S
20240202;104644;2876.500000000;1;9506277914;S
20240202;104644;2876.500000000;86;9506277915;S
20240202;104644;2876.000000000;1;9506277916;S
20240202;104644;2876.000000000;86;9506277917;S
20240202;104644;2876.000000000;10;9506277918;S
20240202;104644;2876.000000000;1;9506277919;S
20240202;104644;2876.000000000;1;9506277920;S
20240202;104644;2876.000000000;1;9506277921;S
20240202;104644;2876.000000000;1;9506277922;S
20240202;104644;2876.000000000;1;9506277923;S
20240202;104644;2876.000000000;27;9506277924;S
20240202;104644;2875.500000000;1;9506277925;S
20240202;104644;2875.500000000;2;9506277926;S
20240202;104644;2875.500000000;3;9506277927;S
20240202;104644;2875.000000000;4;9506277928;S
20240202;104644;2875.000000000;1;9506277929;S
20240202;104644;2875.000000000;1;9506277930;S
20240202;104644;2875.000000000;1;9506277931;S
20240202;104644;2875.000000000;25;9506277932;S
20240202;104644;2875.000000000;4;9506277933;S
20240202;104644;2875.000000000;100;9506277934;S
20240202;104644;2875.000000000;10;9506277935;S
20240202;104644;2876.500000000;2;9506277939;S
20240202;104644;2876.500000000;7;9506277941;S
20240202;104644;2875.500000000;2;9506277942;S
20240202;104644;2875.500000000;1;9506277943;S
20240202;104644;2875.500000000;4;9506277949;S
20240202;104644;2876.500000000;1;9506277950;B
20240202;104644;2875.000000000;5;9506277951;S
20240202;104644;2875.000000000;10;9506277952;S
20240202;104644;2875.000000000;5;9506277960;S
20240202;104644;2875.000000000;1;9506277961;S
20240202;104644;2875.000000000;1;9506277962;S
20240202;104644;2875.000000000;1;9506277963;S
20240202;104644;2875.000000000;3;9506277964;S
20240202;104644;2875.000000000;1;9506277965;S
20240202;104644;2875.000000000;3;9506277972;S
20240202;104645;2876.500000000;1;9506277990;B
20240202;104645;2875.000000000;5;9506278004;S
20240202;104645;2875.000000000;205;9506278011;S
20240202;104645;2875.000000000;7;9506278012;S
20240202;104645;2876.500000000;1;9506278019;B
20240202;104645;2875.500000000;1;9506278020;S
20240202;104645;2875.500000000;9;9506278021;S
20240202;104645;2876.500000000;1;9506278022;B
20240202;104645;2875.500000000;6;9506278023;S
20240202;104645;2875.500000000;1;9506278024;S
20240202;104645;2875.500000000;14;9506278025;S
20240202;104645;2875.000000000;37;9506278026;S
20240202;104645;2875.000000000;14;9506278027;S
20240202;104645;2875.000000000;6;9506278028;S
20240202;104645;2876.500000000;1;9506278029;B
20240202;104645;2875.000000000;14;9506278030;S
20240202;104645;2875.000000000;1;9506278031;S
20240202;104645;2876.000000000;1;9506278036;B
20240202;104645;2875.500000000;5;9506278037;B
20240202;104645;2875.500000000;1;9506278039;B
20240202;104645;2875.500000000;1;9506278060;B
20240202;104645;2876.000000000;9;9506278062;B
20240202;104645;2876.500000000;3;9506278063;B
20240202;104645;2876.500000000;38;9506278064;B
20240202;104645;2875.000000000;84;9506278067;S
20240202;104645;2875.000000000;23;9506278068;S
20240202;104645;2876.500000000;1;9506278069;B
20240202;104645;2875.000000000;20;9506278072;S
20240202;104645;2875.000000000;5;9506278073;S
20240202;104645;2875.000000000;1;9506278074;S
20240202;104645;2875.000000000;9;9506278075;S
20240202;104645;2876.500000000;13;9506278076;B
20240202;104645;2877.000000000;2;9506278077;B
20240202;104645;2875.000000000;2;9506278078;S
20240202;104645;2875.500000000;1;9506278087;S
20240202;104645;2875.500000000;1;9506278089;S
20240202;104645;2875.500000000;12;9506278090;S
20240202;104645;2875.000000000;187;9506278091;S
20240202;104645;2875.000000000;1;9506278097;S
20240202;104645;2875.000000000;16;9506278098;S
20240202;104645;2875.500000000;1;9506278099;B
20240202;104645;2875.000000000;1;9506278100;S
20240202;104645;2875.000000000;20;9506278101;S
20240202;104645;2875.500000000;1;9506278103;B
20240202;104645;2875.000000000;15;9506278104;S
20240202;104645;2875.000000000;5;9506278105;S
20240202;104645;2875.000000000;11;9506278108;S
20240202;104645;2875.000000000;4;9506278109;S
20240202;104645;2875.000000000;3;9506278110;S
20240202;104645;2875.500000000;2;9506278112;B
20240202;104645;2875.000000000;80;9506278116;S
20240202;104645;2875.000000000;3;9506278117;S
20240202;104645;2875.000000000;22;9506278118;S
20240202;104645;2875.000000000;121;9506278119;S
20240202;104645;2875.000000000;6;9506278120;S
20240202;104645;2874.500000000;5;9506278121;S
20240202;104645;2874.500000000;1;9506278122;S
20240202;104645;2874.500000000;9;9506278123;S
20240202;104645;2874.000000000;1;9506278124;S
20240202;104645;2874.000000000;37;9506278125;S
20240202;104645;2875.500000000;20;9506278130;B
20240202;104645;2873.500000000;1;9506278134;S
20240202;104645;2873.500000000;6;9506278135;S
20240202;104646;2873.500000000;1;9506278136;S
20240202;104646;2875.500000000;2;9506278141;B
20240202;104646;2876.000000000;3;9506278142;B
20240202;104646;2875.000000000;2;9506278164;S
20240202;104646;2875.000000000;38;9506278165;S
20240202;104646;2875.500000000;1;9506278186;B
20240202;104646;2875.000000000;31;9506278187;S
20240202;104646;2875.500000000;5;9506278205;B
20240202;104646;2875.000000000;2;9506278207;S
20240202;104646;2875.000000000;16;9506278225;S
20240202;104646;2875.000000000;1;9506278226;S
20240202;104646;2875.000000000;1;9506278227;S
20240202;104646;2874.000000000;2;9506278228;S
20240202;104647;2875.500000000;7;9506278247;B
20240202;104647;2876.000000000;13;9506278248;B
20240202;104647;2876.000000000;10;9506278278;B
20240202;104647;2876.000000000;20;9506278288;B
20240202;104648;2875.500000000;6;9506278452;B
20240202;104648;2876.000000000;1;9506278453;B
20240202;104649;2875.500000000;3;9506278596;B
20240202;104649;2875.500000000;1;9506278621;S
20240202;104650;2876.000000000;20;9506278677;B
20240202;104651;2876.000000000;12;9506278731;B
20240202;104652;2876.000000000;25;9506278873;B
20240202;104655;2875.500000000;1;9506279317;S
20240202;104655;2875.500000000;9;9506279318;S
20240202;104655;2875.500000000;30;9506279319;S
20240202;104655;2876.000000000;8;9506279329;B
20240202;104655;2876.000000000;82;9506279409;B
20240202;104656;2875.500000000;1;9506279475;S
20240202;104656;2875.500000000;1;9506279476;S
20240202;104656;2875.500000000;1;9506279649;S
20240202;104656;2875.500000000;6;9506279650;S
20240202;104658;2875.500000000;17;9506280196;S
20240202;104700;2875.500000000;1;9506280486;S
20240202;104700;2876.000000000;1;9506280591;B
20240202;104701;2876.000000000;5;9506280709;B
20240202;104701;2876.000000000;1;9506280710;B
20240202;104701;2876.500000000;9;9506280711;B
20240202;104701;2876.500000000;2;9506280712;B
20240202;104701;2876.500000000;1;9506280713;B
20240202;104701;2877.000000000;1;9506280727;B
20240202;104702;2876.500000000;82;9506280870;S
20240202;104702;2876.000000000;9;9506280871;S
20240202;104702;2876.000000000;1;9506280872;S
20240202;104702;2875.500000000;4;9506280873;S
20240202;104702;2875.500000000;7;9506280874;S
20240202;104706;2875.500000000;23;9506281216;S
20240202;104706;2875.000000000;97;9506281217;S
20240202;104707;2875.000000000;1;9506281442;S
20240202;104707;2875.000000000;1;9506281443;S
20240202;104707;2875.500000000;15;9506281449;B
20240202;104707;2875.000000000;1;9506281457;S
20240202;104708;2874.500000000;35;9506281594;S
20240202;104708;2874.000000000;398;9506281595;S
20240202;104708;2874.000000000;27;9506281596;S
20240202;104708;2874.000000000;9;9506281597;S
20240202;104708;2873.500000000;31;9506281598;S
20240202;104708;2873.000000000;1;9506281787;S
20240202;104708;2873.000000000;4;9506281788;S
20240202;104709;2875.000000000;1;9506281841;B
20240202;104709;2873.000000000;3;9506281874;S
20240202;104710;2874.000000000;2;9506281928;S
20240202;104710;2874.500000000;1;9506281980;B
20240202;104711;2874.500000000;1;9506282003;B
20240202;104711;2874.500000000;1;9506282004;B
20240202;104711;2874.500000000;6;9506282005;B
20240202;104711;2874.500000000;1;9506282006;B
20240202;104713;2874.000000000;1;9506282196;S
20240202;104713;2873.500000000;1;9506282197;S
20240202;104715;2874.500000000;1;9506282691;B
20240202;104715;2874.500000000;1;9506282692;B
20240202;104715;2874.500000000;1;9506282693;B
20240202;104715;2874.500000000;3;9506282694;B
20240202;104717;2873.000000000;1;9506282856;S
20240202;104717;2873.000000000;74;9506282857;S
20240202;104718;2874.000000000;1;9506282898;B
20240202;104718;2874.500000000;10;9506282899;B
20240202;104718;2874.500000000;1;9506282900;B
20240202;104718;2874.500000000;10;9506282901;B
20240202;104718;2874.500000000;10;9506282902;B
20240202;104720;2874.500000000;1;9506283186;B
20240202;104724;2873.500000000;1;9506283585;S
20240202;104724;2873.500000000;1;9506283586;S
20240202;104728;2874.500000000;100;9506284008;S
20240202;104728;2874.500000000;5;9506284009;S
20240202;104728;2874.000000000;8;9506284010;S
20240202;104728;2873.500000000;2;9506284011;S
20240202;104728;2873.000000000;1;9506284045;S
20240202;104728;2873.000000000;1;9506284046;S
20240202;104728;2873.000000000;2;9506284047;S
20240202;104728;2873.000000000;10;9506284048;S
20240202;104728;2873.000000000;1;9506284049;S
20240202;104728;2872.500000000;1;9506284050;S
20240202;104728;2872.500000000;16;9506284051;S
20240202;104728;2872.500000000;1;9506284052;S
20240202;104728;2872.500000000;35;9506284053;S
20240202;104728;2872.500000000;59;9506284054;S
20240202;104728;2872.000000000;2;9506284055;S
20240202;104728;2872.000000000;71;9506284056;S
20240202;104729;2873.500000000;1;9506284082;B
20240202;104729;2873.500000000;3;9506284087;B
20240202;104729;2873.000000000;1;9506284132;S
20240202;104729;2872.500000000;26;9506284133;S
20240202;104729;2872.000000000;9;9506284134;S
20240202;104729;2872.000000000;2;9506284135;S
20240202;104729;2872.000000000;2;9506284136;S
20240202;104729;2872.000000000;20;9506284137;S
20240202;104729;2873.000000000;1;9506284146;B
20240202;104729;2873.500000000;9;9506284147;B
20240202;104729;2872.000000000;7;9506284149;S
20240202;104730;2872.000000000;1;9506284163;S
20240202;104730;2872.500000000;1;9506284208;S
20240202;104730;2873.000000000;1;9506284215;B
20240202;104731;2873.000000000;4;9506284324;B
20240202;104731;2873.500000000;1;9506284374;B
20240202;104732;2873.500000000;3;9506284492;B
20240202;104734;2873.000000000;5;9506284648;S
20240202;104735;2873.000000000;1;9506284769;S
20240202;104735;2873.000000000;4;9506284770;S
20240202;104735;2873.000000000;1;9506284774;S
20240202;104735;2872.500000000;1;9506284775;S
20240202;104737;2872.500000000;4;9506284864;S
20240202;104738;2873.500000000;5;9506285289;B
20240202;104739;2872.500000000;2;9506285384;S
20240202;104739;2872.000000000;2;9506285385;S
20240202;104739;2872.000000000;27;9506285386;S
20240202;104739;2872.000000000;39;9506285387;S
20240202;104741;2872.000000000;1;9506285771;S
20240202;104741;2872.000000000;1;9506285772;S
20240202;104744;2872.000000000;30;9506286226;S
20240202;104745;2873.000000000;1;9506286260;B
20240202;104745;2873.000000000;8;9506286261;B
20240202;104745;2873.500000000;3;9506286262;B
20240202;104745;2873.500000000;1;9506286263;B
20240202;104745;2873.500000000;35;9506286264;B
20240202;104745;2873.500000000;1;9506286316;B
20240202;104746;2873.000000000;1;9506286477;B
20240202;104746;2873.500000000;1;9506286478;B
20240202;104747;2872.000000000;3;9506286541;S
20240202;104748;2874.000000000;2;9506286635;B
20240202;104749;2873.500000000;5;9506286817;S
20240202;104752;2873.000000000;1;9506287491;B
20240202;104752;2872.500000000;1;9506287596;S
20240202;104753;2872.500000000;1;9506287626;S
20240202;104753;2872.500000000;5;9506287719;S
20240202;104754;2872.500000000;8;9506287834;S
20240202;104756;2873.500000000;15;9506288124;B
20240202;104758;2872.500000000;1;9506288272;S
20240202;104758;2872.500000000;1;9506288273;S
20240202;104800;2872.500000000;10;9506288473;S
20240202;104804;2872.500000000;1;9506289415;S
20240202;104804;2872.500000000;1;9506289416;S
20240202;104805;2873.500000000;1;9506289591;B
20240202;104806;2873.500000000;9;9506289915;B
20240202;104806;2874.000000000;8;9506289916;B
20240202;104809;2873.000000000;1;9506291127;S
20240202;104809;2873.000000000;1;9506291128;S
20240202;104810;2873.000000000;1;9506291208;S
20240202;104811;2874.000000000;19;9506291422;B
20240202;104811;2874.000000000;8;9506291423;B
20240202;104811;2874.500000000;1;9506291424;B
20240202;104811;2874.500000000;1;9506291425;B
20240202;104811;2874.500000000;1;9506291426;B
20240202;104811;2874.500000000;1;9506291427;B
20240202;104811;2874.500000000;1;9506291428;B
20240202;104811;2874.500000000;6;9506291429;B
20240202;104811;2875.000000000;13;9506291430;B
20240202;104811;2875.000000000;120;9506291431;B
20240202;104811;2875.500000000;99;9506291432;B
20240202;104811;2875.500000000;10;9506291466;B
20240202;104813;2873.500000000;35;9506291661;S
20240202;104813;2873.000000000;1;9506291662;S
20240202;104815;2873.000000000;1;9506291978;S
20240202;104815;2873.000000000;1;9506291979;S
20240202;104818;2873.500000000;10;9506292397;S
20240202;104821;2873.500000000;1;9506292950;S
20240202;104821;2873.500000000;1;9506292951;S
20240202;104824;2875.500000000;2;9506293374;B
20240202;104824;2873.500000000;11;9506293451;S
20240202;104824;2873.500000000;3;9506293452;S
20240202;104826;2873.500000000;1;9506293750;S
20240202;104826;2873.500000000;1;9506293751;S
20240202;104827;2873.500000000;5;9506293763;S
20240202;104827;2873.500000000;11;9506293764;S
20240202;104827;2873.500000000;8;9506293765;S
20240202;104827;2873.500000000;4;9506293766;S
