<DATE>;<TIME>;<LAST>;<VOL>;<ID>;<OPER>
20240228;095956;3177.5;2;9707827119;S
20240228;095956;3177.5;1;9707827120;S
20240228;095956;3177.5;3;9707827121;S
20240228;095956;3177.5;2;9707827122;S
20240228;095956;3177.5;1;9707827123;S
20240228;095956;3177.5;1;9707827124;S
20240228;095956;3177.5;7;9707827125;S
20240228;095956;3177.5;15;9707827126;S
20240228;095956;3177.5;20;9707827127;S
20240228;095956;3177.5;11;9707827128;S
20240228;095956;3177.5;2;9707827129;B
20240228;095956;3177.5;7;9707827130;B
20240228;095956;3177.5;1;9707827131;B
20240228;095956;3177.5;7;9707827132;B
20240228;095956;3177.5;1;9707827133;B
20240228;095956;3177.5;4;9707827134;B
20240228;095956;3177.5;1;9707827135;B
20240228;095956;3177.5;49;9707827136;B
20240228;095956;3177.5;1;9707827137;B
20240228;095956;3177.5;2;9707827138;B
20240228;095956;3177.5;1;9707827139;S
20240228;095956;3177.5;9;9707827140;B
20240228;095956;3177.5;1;9707827141;B
20240228;095956;3177.5;5;9707827142;B
20240228;095956;3177.5;1;9707827143;B
20240228;095956;3177.5;1;9707827144;B
20240228;095956;3177.5;24;9707827145;B
20240228;095956;3177.5;1;9707827146;B
20240228;095956;3177.5;5;9707827147;B
20240228;095956;3177.5;6;9707827148;S
20240228;095956;3177.5;1;9707827149;B
20240228;095956;3177.5;1;9707827150;B
20240228;095956;3177.5;1;9707827151;B
20240228;095956;3177.5;1;9707827152;B
20240228;095956;3177.5;1;9707827153;B
20240228;095956;3177.5;40;9707827154;S
20240228;095956;3177.5;1;9707827155;B
20240228;095956;3177.5;1;9707827156;B
20240228;095956;3177.5;1;9707827157;B
20240228;095956;3177.5;31;9707827158;B
20240228;095956;3177.5;1;9707827159;B
20240228;095956;3177.5;5;9707827160;B
20240228;095956;3177.5;223;9707827161;B
20240228;095956;3177.5;1;9707827162;S
20240228;095956;3177.5;1;9707827163;B
20240228;095956;3177.5;1;9707827164;B
20240228;095956;3177.5;1;9707827165;B
20240228;095956;3177.5;5;9707827166;B
20240228;095956;3177.5;4;9707827167;B
20240228;095956;3177.5;1;9707827168;B
20240228;095956;3177.5;1;9707827169;B
20240228;095956;3177.5;1;9707827170;B
20240228;095956;3177.5;1;9707827171;B
20240228;095956;3177.5;1;9707827172;B
20240228;095956;3177.5;2;9707827173;B
20240228;095956;3177.5;1;9707827174;B
20240228;095956;3177.5;6;9707827175;B
20240228;095956;3177.5;1;9707827176;B
20240228;095956;3177.5;12;9707827177;B
20240228;095956;3177.5;1;9707827178;B
20240228;095956;3177.5;2;9707827179;B
20240228;095956;3177.5;1;9707827180;B
20240228;095956;3177.5;1;9707827181;B
20240228;095956;3177.5;1;9707827182;B
20240228;095956;3177.5;1;9707827183;B
20240228;095956;3177.5;10;9707827184;B
20240228;095956;3177.5;1;9707827185;B
20240228;095956;3177.5;21;9707827186;B
20240228;095956;3177.5;45;9707827187;S
20240228;095956;3177.5;3;9707827188;S
20240228;095956;3177.5;5;9707827189;B
20240228;095956;3177.5;9;9707827190;B
20240228;095956;3177.5;11;9707827191;B
20240228;095956;3177.5;6;9707827192;B
20240228;095956;3177.5;6;9707827193;B
20240228;095956;3177.5;18;9707827194;S
20240228;095956;3177.5;40;9707827195;S
20240228;095956;3177.5;1;9707827196;S
20240228;095956;3177.5;1;9707827197;B
20240228;100000;3177;4;9707828418;S
20240228;100000;3177;21;9707828419;S
20240228;100000;3177;19;9707828483;S
20240228;100000;3177;2;9707828571;B
20240228;100000;3175.5;30;9707828622;S
20240228;100000;3175.5;10;9707828623;S
20240228;100000;3175.5;5;9707828624;S
20240228;100000;3175.5;1;9707828625;S
20240228;100000;3175;10;9707828626;S
20240228;100000;3175;1;9707828627;S
20240228;100000;3175;5;9707828628;S
20240228;100000;3175;2;9707828629;S
20240228;100000;3174;2;9707828630;S
20240228;100000;3172;25;9707828631;S
20240228;100000;3172;76;9707828632;S
20240228;100000;3172;1;9707828652;S
20240228;100000;3172;11;9707828667;S
20240228;100000;3176;25;9707828674;B
20240228;100000;3176.5;3;9707828675;B
20240228;100000;3176.5;6;9707828676;B
20240228;100000;3177;4;9707828709;B
20240228;100000;3177;1;9707828713;B
20240228;100000;3177;20;9707828978;B
20240228;100000;3177;78;9707828979;B
20240228;100000;3177.5;7;9707828980;B
20240228;100000;3176;1;9707828981;S
20240228;100001;3175.5;32;9707829218;B
20240228;100001;3176;25;9707829219;B
20240228;100001;3176;4;9707829220;B
20240228;100001;3177;33;9707829221;B
20240228;100001;3175;1;9707829578;B
20240228;100001;3175.5;2;9707829579;B
20240228;100001;3176;27;9707829580;B
20240228;100001;3176;10;9707829628;B
20240228;100001;3176;16;9707829642;B
20240228;100001;3172.5;1;9707829671;S
20240228;100001;3176;24;9707829732;B
20240228;100001;3172;1;9707829760;S
20240228;100001;3176;1;9707829762;B
20240228;100001;3175;5;9707829768;S
20240228;100001;3177.5;25;9707829805;B
20240228;100001;3177.5;30;9707829806;B
20240228;100001;3177.5;12;9707829807;B
20240228;100001;3175.5;1;9707829824;S
20240228;100001;3177.5;11;9707829833;B
20240228;100001;3175.5;2;9707829866;S
20240228;100001;3176;5;9707829883;S
20240228;100001;3176;10;9707829967;S
20240228;100002;3176;2;9707830064;S
20240228;100002;3177;4;9707830104;S
20240228;100002;3176;1;9707830105;S
20240228;100002;3176;3;9707830171;S
20240228;100002;3176;2;9707830172;S
20240228;100002;3178;1;9707830173;B
20240228;100002;3178;4;9707830174;B
20240228;100002;3178;45;9707830175;B
20240228;100002;3176;12;9707830182;S
20240228;100002;3175.5;38;9707830183;S
20240228;100002;3177.5;2;9707830191;B
20240228;100002;3177.5;78;9707830313;B
20240228;100002;3178;130;9707830314;B
20240228;100002;3175.5;20;9707830332;S
20240228;100002;3175.5;1;9707830338;S
20240228;100002;3175.5;9;9707830392;S
20240228;100002;3176;1;9707830597;B
20240228;100002;3176.5;5;9707830598;B
20240228;100002;3177.5;10;9707830599;B
20240228;100002;3176.5;3;9707830607;B
20240228;100002;3177.5;32;9707830608;B
20240228;100002;3178;65;9707830609;B
20240228;100002;3178;40;9707830628;B
20240228;100002;3178;3;9707830634;B
20240228;100002;3178;4;9707830635;B
20240228;100002;3176;1;9707830638;S
20240228;100002;3178;15;9707830681;B
20240228;100002;3176;29;9707830715;S
20240228;100002;3175.5;1;9707830716;S
20240228;100002;3175.5;2;9707830738;S
20240228;100002;3175.5;15;9707830790;S
20240228;100002;3177;10;9707830855;B
20240228;100002;3177;34;9707830856;B
20240228;100002;3177;3;9707830857;B
20240228;100002;3178;153;9707830858;B
20240228;100002;3178;7;9707830873;B
20240228;100002;3175.5;5;9707830912;S
20240228;100002;3178;2;9707830913;B
20240228;100002;3177.5;5;9707830919;B
20240228;100002;3178;100;9707830935;B
20240228;100003;3178;1;9707831020;B
20240228;100003;3178;100;9707831044;B
20240228;100003;3178;15;9707831077;B
20240228;100003;3177.5;11;9707831099;S
20240228;100003;3176.5;32;9707831100;S
20240228;100003;3176;57;9707831101;S
20240228;100003;3176;1;9707831111;B
20240228;100003;3178;2;9707831206;B
20240228;100003;3176.5;5;9707831353;S
20240228;100003;3176.5;3;9707831372;S
20240228;100003;3178;3;9707831377;B
20240228;100004;3176.5;42;9707831518;S
20240228;100004;3175.5;5;9707831519;S
20240228;100004;3175.5;54;9707831520;S
20240228;100004;3176;1;9707831601;B
20240228;100004;3176.5;1;9707831769;S
20240228;100004;3175.5;4;9707831770;S
20240228;100004;3178;3;9707831906;B
20240228;100005;3178;1;9707832021;B
20240228;100005;3176;1;9707832651;S
20240228;100005;3178;1;9707833199;B
20240228;100006;3178;200;9707833681;B
20240228;100006;3176.5;32;9707833949;S
20240228;100006;3176;99;9707833950;S
20240228;100006;3175.5;38;9707833951;S
20240228;100006;3175.5;112;9707833952;B
20240228;100006;3175.5;19;9707833953;B
20240228;100006;3175;1;9707834375;S
20240228;100006;3175;1;9707834401;S
20240228;100006;3177.5;1;9707834435;B
20240228;100007;3177.5;2;9707835024;B
20240228;100010;3177.5;2;9707835890;B
20240228;100010;3175.5;5;9707835971;S
20240228;100010;3175;80;9707835972;S
20240228;100010;3177;8;9707835995;B
20240228;100010;3177;1;9707836175;B
20240228;100010;3175;5;9707836339;S
20240228;100010;3175;1;9707836378;S
20240228;100011;3177.5;1;9707836871;B
20240228;100011;3177.5;21;9707836940;B
20240228;100012;3176;1;9707837081;S
20240228;100016;3178;4;9707837988;B
20240228;100016;3177;14;9707837990;B
20240228;100016;3177;1;9707837991;B
20240228;100016;3177;15;9707838012;B
20240228;100016;3177.5;16;9707838013;B
20240228;100019;3178;10;9707838699;B
20240228;100019;3178;96;9707838700;B
20240228;100019;3176.5;1;9707838786;S
20240228;100019;3176.5;1;9707838932;S
20240228;100019;3176.5;29;9707838949;S
20240228;100019;3175.5;32;9707838950;S
20240228;100019;3175.5;9;9707838951;S
20240228;100019;3175.5;78;9707838952;S
20240228;100019;3175;352;9707838953;S
20240228;100020;3177.5;85;9707839016;B
20240228;100020;3177.5;11;9707839205;B
20240228;100020;3177.5;11;9707839206;B
20240228;100021;3177.5;21;9707839226;B
20240228;100021;3178;1;9707839227;B
20240228;100021;3178;5;9707839228;B
20240228;100021;3178;6;9707839229;B
20240228;100021;3177.5;1;9707839398;B
20240228;100021;3178;9;9707839399;B
20240228;100021;3178;1;9707839477;B
20240228;100022;3178;1;9707839682;B
20240228;100022;3178;93;9707839683;B
20240228;100023;3176;1;9707839788;S
20240228;100023;3175.5;96;9707839789;S
20240228;100023;3175.5;29;9707839790;S
20240228;100023;3175;374;9707839791;S
20240228;100023;3175;181;9707839792;S
20240228;100024;3177;11;9707840294;B
20240228;100025;3175;15;9707840482;S
20240228;100025;3175;1;9707840483;S
20240228;100025;3175;1;9707840484;S
20240228;100025;3174.5;2;9707840485;S
20240228;100025;3174;21;9707840486;S
20240228;100025;3173.5;25;9707840487;S
20240228;100025;3173.5;35;9707840488;S
20240228;100027;3172.5;14;9707841322;S
20240228;100027;3172;25;9707841323;S
20240228;100027;3172;78;9707841324;S
20240228;100027;3171.5;1;9707841325;S
20240228;100027;3171.5;2;9707841326;S
20240228;100027;3171.5;1;9707841327;S
20240228;100027;3171.5;2;9707841328;S
20240228;100027;3171.5;1;9707841329;S
20240228;100027;3171.5;36;9707841330;S
20240228;100028;3175;2;9707841545;B
20240228;100028;3175;1;9707841593;B
20240228;100028;3175;1;9707841613;B
20240228;100029;3171.5;1;9707841676;S
20240228;100029;3171.5;1;9707841684;S
20240228;100030;3171.5;1;9707841946;S
20240228;100030;3174.5;1;9707842117;B
20240228;100030;3174.5;4;9707842118;B
20240228;100031;3174.5;35;9707842169;B
20240228;100031;3175;12;9707842170;B
20240228;100031;3175.5;96;9707842489;B
20240228;100031;3175.5;15;9707842490;B
20240228;100032;3175.5;25;9707842652;B
20240228;100032;3177;25;9707842653;B
20240228;100035;3175;50;9707843476;S
20240228;100035;3173;1;9707843477;S
20240228;100035;3173;10;9707843478;S
20240228;100035;3172.5;2;9707843479;S
20240228;100036;3176;13;9707843607;B
20240228;100036;3176.5;2;9707843738;B
20240228;100037;3176.5;1;9707844024;B
20240228;100037;3175;1;9707844136;S
20240228;100037;3174.5;1;9707844137;S
20240228;100037;3172.5;1;9707844138;S
20240228;100037;3172;1;9707844192;S
20240228;100038;3175.5;1;9707844509;B
20240228;100040;3175;30;9707844881;B
20240228;100040;3175;20;9707844900;B
20240228;100041;3173;5;9707845203;S
20240228;100041;3172;50;9707845500;S
20240228;100043;3175;32;9707845954;B
20240228;100043;3175.5;8;9707845955;B
20240228;100044;3172;2;9707846086;S
20240228;100044;3172;6;9707846242;S
20240228;100044;3171.5;1;9707846243;S
20240228;100044;3171.5;5;9707846244;S
20240228;100045;3175;24;9707846469;B
20240228;100045;3175;1;9707846470;B
20240228;100045;3175;55;9707846471;B
20240228;100045;3175.5;25;9707846472;B
20240228;100045;3175.5;78;9707846473;B
20240228;100045;3175.5;17;9707846474;B
20240228;100045;3176;1;9707846500;B
20240228;100046;3175;7;9707846603;B
20240228;100047;3175;93;9707846983;B
20240228;100047;3175.5;25;9707846984;B
20240228;100047;3175.5;18;9707846985;B
20240228;100047;3176;24;9707846986;B
20240228;100047;3176;32;9707846987;B
20240228;100047;3176.5;140;9707846988;B
20240228;100047;3176.5;78;9707846989;B
20240228;100047;3176.5;8;9707846990;B
20240228;100047;3177;10;9707846991;B
20240228;100047;3177;25;9707846992;B
20240228;100047;3177.5;1;9707846993;B
20240228;100048;3177.5;100;9707847199;S
20240228;100049;3177.5;1;9707847328;S
20240228;100049;3178;250;9707847401;B
20240228;100049;3178;28;9707847402;B
20240228;100049;3178;29;9707847403;B
20240228;100049;3178;4;9707847404;B
20240228;100049;3178;1;9707847405;B
20240228;100049;3178;10;9707847406;B
20240228;100049;3178.5;6;9707847407;B
20240228;100049;3178.5;6;9707847408;B
20240228;100049;3178.5;3;9707847412;B
20240228;100049;3179;1;9707847413;B
20240228;100049;3179.5;1;9707847414;B
20240228;100049;3179.5;1;9707847415;B
20240228;100049;3179.5;94;9707847416;B
20240228;100049;3178.5;6;9707847420;S
20240228;100049;3178.5;1;9707847428;S
20240228;100049;3178.5;6;9707847478;S
20240228;100049;3179;1;9707847521;S
20240228;100049;3179;5;9707847583;S
20240228;100050;3179;2;9707847596;S
20240228;100050;3179;10;9707847615;S
20240228;100050;3179.5;206;9707847646;B
20240228;100050;3179.5;2;9707847647;B
20240228;100050;3179.5;10;9707847648;B
20240228;100050;3179.5;3;9707847649;B
20240228;100050;3179.5;29;9707847650;B
20240228;100050;3179;1;9707847651;S
20240228;100050;3179.5;5;9707847721;B
20240228;100050;3179.5;5;9707847754;B
20240228;100050;3180;1;9707847755;B
20240228;100050;3180;1;9707847756;B
20240228;100050;3180;2;9707847757;B
20240228;100050;3180;20;9707847758;B
20240228;100050;3180;71;9707847759;B
20240228;100050;3180;25;9707847769;B
20240228;100050;3179;5;9707847770;S
20240228;100050;3180;1;9707847800;B
20240228;100051;3180;50;9707847923;B
20240228;100051;3179.5;1;9707847973;S
20240228;100051;3178.5;1;9707847974;S
20240228;100051;3178.5;9;9707847983;S
20240228;100051;3178.5;1;9707847984;S
20240228;100051;3180;15;9707847985;B
20240228;100051;3180;1;9707847994;B
20240228;100051;3180;122;9707848039;B
20240228;100051;3180;55;9707848040;B
20240228;100051;3180;3;9707848041;B
20240228;100051;3180;10;9707848042;B
20240228;100051;3180;1;9707848043;B
20240228;100051;3180;2;9707848044;B
20240228;100051;3180;5;9707848045;B
20240228;100051;3180;20;9707848046;B
20240228;100051;3180;1;9707848047;B
20240228;100051;3180;1;9707848048;B
20240228;100051;3180;3;9707848049;B
20240228;100051;3180;4;9707848050;B
20240228;100051;3180;2;9707848051;B
20240228;100051;3180;5;9707848052;B
20240228;100051;3180;7;9707848053;B
20240228;100051;3180;5;9707848054;B
20240228;100051;3180.5;1;9707848055;B
20240228;100051;3180.5;1;9707848056;B
20240228;100051;3180.5;25;9707848057;B
20240228;100051;3181.5;1;9707848058;B
20240228;100051;3181.5;4;9707848059;B
20240228;100051;3182;1;9707848060;B
20240228;100051;3182;1;9707848061;B
20240228;100051;3182;1;9707848062;B
20240228;100051;3182;1;9707848063;B
20240228;100051;3182;25;9707848064;B
20240228;100051;3182.5;1;9707848065;B
20240228;100051;3182.5;1;9707848066;B
20240228;100051;3182.5;78;9707848067;B
20240228;100051;3183;3;9707848068;B
20240228;100051;3183;1;9707848069;B
20240228;100051;3183;20;9707848070;B
20240228;100051;3183.5;1;9707848071;B
20240228;100051;3184;88;9707848072;B
20240228;100051;3184;100;9707848099;B
20240228;100051;3181.5;10;9707848122;S
20240228;100051;3184;12;9707848140;B
20240228;100051;3184;32;9707848141;B
20240228;100051;3184.5;1;9707848142;B
20240228;100051;3184.5;10;9707848143;B
20240228;100051;3184.5;1;9707848144;B
20240228;100051;3184.5;24;9707848145;B
20240228;100051;3184.5;10;9707848156;B
20240228;100051;3184.5;1;9707848157;B
20240228;100051;3182;1;9707848167;S
20240228;100051;3182;5;9707848169;S
20240228;100051;3182;35;9707848175;S
20240228;100052;3182;1;9707848202;S
20240228;100052;3184.5;4;9707848213;B
20240228;100052;3184.5;2;9707848214;B
20240228;100052;3184.5;20;9707848236;B
20240228;100052;3184.5;16;9707848267;B
20240228;100052;3183;5;9707848268;S
20240228;100052;3184.5;1;9707848272;B
20240228;100052;3185;3;9707848298;B
20240228;100052;3185;1;9707848315;B
20240228;100052;3185;13;9707848338;B
20240228;100052;3185;1;9707848339;B
20240228;100052;3185;2;9707848340;B
20240228;100052;3185;18;9707848341;B
20240228;100052;3185;1;9707848342;B
20240228;100052;3185;1;9707848343;B
20240228;100052;3185;2;9707848344;B
20240228;100052;3185;3;9707848345;B
20240228;100052;3185;1;9707848346;B
20240228;100052;3185;2;9707848347;B
20240228;100052;3185;22;9707848348;B
20240228;100052;3185;56;9707848363;B
20240228;100052;3185.5;1;9707848364;B
20240228;100052;3185.5;3;9707848365;B
20240228;100052;3183.5;1;9707848367;S
20240228;100052;3183.5;1;9707848394;S
20240228;100052;3183.5;1;9707848402;S
20240228;100052;3183.5;3;9707848404;S
20240228;100052;3185.5;5;9707848410;B
20240228;100052;3183.5;1;9707848413;S
20240228;100052;3185.5;10;9707848422;B
20240228;100052;3183.5;2;9707848424;S
20240228;100052;3185.5;1;9707848425;B
20240228;100053;3185;1;9707848438;B
20240228;100053;3185;5;9707848439;B
20240228;100053;3185;2;9707848440;B
20240228;100053;3185.5;12;9707848441;B
20240228;100053;3183.5;11;9707848442;S
20240228;100053;3184;6;9707848451;B
20240228;100053;3185;2;9707848452;B
20240228;100053;3185;1;9707848482;B
20240228;100053;3185;4;9707848493;S
20240228;100053;3185;46;9707848499;B
20240228;100053;3185;1;9707848500;B
20240228;100053;3185.5;4;9707848501;B
20240228;100053;3183.5;10;9707848504;S
20240228;100053;3183.5;9;9707848506;S
20240228;100053;3185;2;9707848516;B
20240228;100053;3185;1;9707848562;B
20240228;100053;3185.5;15;9707848589;B
20240228;100053;3185.5;45;9707848590;B
20240228;100053;3184.5;7;9707848645;S
20240228;100054;3185;1;9707848743;B
20240228;100054;3185;4;9707848765;B
20240228;100054;3185.5;19;9707848766;B
20240228;100054;3186;25;9707848771;B
20240228;100054;3186;2;9707848778;B
20240228;100054;3186;30;9707848796;B
20240228;100054;3185;1;9707848836;S
20240228;100054;3184.5;4;9707848837;S
20240228;100054;3186.5;1;9707848860;B
20240228;100054;3186.5;1;9707848861;B
20240228;100054;3186.5;1;9707848862;B
20240228;100054;3186.5;1;9707848863;B
20240228;100054;3186.5;1;9707848864;B
20240228;100054;3186.5;1;9707848865;B
20240228;100054;3186.5;10;9707848866;B
20240228;100054;3186.5;1;9707848997;B
20240228;100054;3186.5;14;9707849007;B
20240228;100054;3186.5;2;9707849008;B
20240228;100055;3186.5;5;9707849130;B
20240228;100055;3186.5;16;9707849199;B
20240228;100056;3185;30;9707849452;S
20240228;100056;3185;1;9707849453;S
20240228;100056;3185;7;9707849454;S
20240228;100056;3184.5;12;9707849455;S
20240228;100057;3186;16;9707849660;B
20240228;100057;3185;1;9707849781;S
20240228;100058;3186.5;2;9707850216;B
20240228;100058;3186.5;32;9707850217;B
20240228;100058;3186.5;78;9707850218;B
20240228;100058;3187;3;9707850219;B
20240228;100058;3187.5;1;9707850220;B
20240228;100058;3187.5;5;9707850221;B
20240228;100058;3187.5;25;9707850222;B
20240228;100058;3188;50;9707850223;B
20240228;100058;3188;1;9707850224;B
20240228;100058;3188;1;9707850225;B
20240228;100058;3188;20;9707850226;B
20240228;100058;3188.5;20;9707850227;B
20240228;100058;3189;62;9707850228;B
20240228;100059;3187;1;9707850476;B
20240228;100059;3187;1;9707850629;B
20240228;100100;3187;8;9707850884;B
20240228;100100;3187;15;9707850998;B
20240228;100101;3187;1;9707851273;B
20240228;100101;3187;24;9707851274;B
20240228;100101;3186.5;1;9707851322;S
20240228;100101;3187;1;9707851496;S
20240228;100102;3187;8;9707851528;B
20240228;100102;3187;41;9707851593;B
20240228;100102;3187;78;9707851594;B
20240228;100102;3187;50;9707851595;B
20240228;100102;3187;50;9707851596;B
20240228;100102;3187;31;9707851597;B
20240228;100102;3186.5;10;9707851620;S
20240228;100103;3186.5;3;9707851809;S
20240228;100103;3187.5;1;9707851925;B
20240228;100103;3187;3;9707851987;S
20240228;100103;3186.5;1;9707852010;S
20240228;100105;3186.5;1;9707852450;S
20240228;100105;3186.5;9;9707852743;S
20240228;100106;3186;1;9707852785;S
20240228;100107;3186;1;9707853013;S
20240228;100108;3186.5;3;9707853292;B
20240228;100108;3186.5;50;9707853499;B
20240228;100110;3186.5;24;9707853662;B
20240228;100110;3186;23;9707853677;S
20240228;100110;3184.5;2;9707853678;S
20240228;100110;3183.5;180;9707853679;S
20240228;100110;3183.5;45;9707853680;S
20240228;100110;3184.5;10;9707853850;B
20240228;100112;3183.5;1;9707854188;B
20240228;100112;3184.5;15;9707854280;B
20240228;100112;3185;1;9707854281;B
20240228;100112;3185;32;9707854282;B
20240228;100112;3185;22;9707854283;B
20240228;100113;3185.5;25;9707854392;B
20240228;100113;3185.5;10;9707854393;B
20240228;100115;3183;2;9707854847;S
20240228;100115;3182.5;1;9707854848;S
20240228;100115;3182;1;9707854849;S
20240228;100115;3185;1;9707854999;S
20240228;100116;3185.5;2;9707855122;B
20240228;100118;3185.5;1;9707855367;B
20240228;100118;3185.5;1;9707855368;B
20240228;100118;3185;10;9707855405;S
20240228;100119;3185;10;9707855509;S
20240228;100119;3185.5;1;9707855545;B
20240228;100119;3185.5;25;9707855546;B
20240228;100119;3185.5;14;9707855547;B
20240228;100120;3186;10;9707855783;B
20240228;100121;3185;279;9707855952;S
20240228;100121;3185;8;9707855991;B
20240228;100121;3185.5;14;9707855992;B
20240228;100121;3185.5;78;9707855993;B
20240228;100121;3185.5;10;9707855994;B
20240228;100121;3186.5;10;9707855995;B
20240228;100121;3186.5;18;9707855996;B
20240228;100121;3187;3;9707855997;B
20240228;100121;3187;1;9707855998;B
20240228;100121;3187.5;8;9707855999;B
20240228;100123;3185;50;9707856321;B
20240228;100124;3185;8;9707856378;B
20240228;100124;3184;1;9707856481;S
20240228;100124;3185;5;9707856535;B
20240228;100125;3184;1;9707856792;S
20240228;100126;3184.5;1;9707856901;B
20240228;100126;3184;3;9707856952;S
20240228;100126;3182;7;9707856953;S
20240228;100127;3184;1;9707857137;B
20240228;100128;3182;12;9707857360;S
20240228;100128;3181;88;9707857361;S
20240228;100129;3183.5;1;9707857543;B
20240228;100133;3183;1;9707858459;B
20240228;100133;3183.5;9;9707858506;B
20240228;100133;3183.5;21;9707858507;B
20240228;100138;3182;1;9707859664;B
20240228;100138;3182.5;10;9707859665;B
20240228;100138;3183;78;9707859666;B
20240228;100138;3183.5;2;9707859667;B
20240228;100138;3183.5;1;9707859668;B
20240228;100138;3184;102;9707859669;B
20240228;100138;3184;1;9707859670;B
20240228;100138;3184.5;160;9707859671;B
20240228;100138;3184.5;78;9707859672;B
20240228;100138;3184.5;2;9707859673;B
20240228;100138;3185;337;9707859674;B
20240228;100138;3185;1;9707859675;B
20240228;100138;3185;25;9707859676;B
20240228;100138;3185.5;9;9707859677;B
20240228;100138;3185.5;34;9707859678;B
20240228;100138;3186;25;9707859679;B
20240228;100138;3186;1;9707859680;B
20240228;100138;3187;169;9707859681;B
20240228;100138;3187;5;9707859682;B
20240228;100138;3187;2;9707859683;B
20240228;100138;3187.5;2;9707859684;B
20240228;100138;3187.5;10;9707859685;B
20240228;100138;3187.5;85;9707859686;B
20240228;100138;3188;4;9707859687;B
20240228;100138;3188.5;125;9707859688;B
20240228;100138;3188.5;172;9707859689;B
20240228;100138;3188.5;25;9707859690;B
20240228;100138;3189;279;9707859691;B
20240228;100138;3189;1;9707859692;B
20240228;100138;3189;200;9707859693;B
20240228;100138;3189;9;9707859694;B
20240228;100138;3189.5;1;9707859695;B
20240228;100138;3189.5;1;9707859696;B
20240228;100138;3189.5;1;9707859697;B
20240228;100138;3189.5;5;9707859698;B
20240228;100138;3190;7;9707859699;B
20240228;100138;3190;3;9707859700;B
20240228;100138;3190;177;9707859701;B
20240228;100138;3190;230;9707859702;B
20240228;100138;3190;70;9707859703;B
20240228;100138;3190;4;9707859704;B
20240228;100138;3190;15;9707859705;B
20240228;100138;3190;10;9707859706;B
20240228;100138;3190;7;9707859707;B
20240228;100138;3190;14;9707859708;B
20240228;100139;3189.5;4;9707859817;B
20240228;100139;3186.5;2;9707859886;S
20240228;100139;3186;25;9707859887;S
20240228;100139;3185;8;9707859888;S
20240228;100139;3184;18;9707859889;S
20240228;100140;3185.5;1;9707860002;B
20240228;100140;3181.5;10;9707860008;S
20240228;100140;3181.5;25;9707860014;S
20240228;100140;3181.5;41;9707860015;S
20240228;100140;3182;61;9707860045;S
20240228;100140;3185.5;100;9707860127;B
20240228;100142;3184.5;1;9707860366;B
20240228;100142;3185;1;9707860367;B
20240228;100142;3185.5;114;9707860368;B
20240228;100142;3185.5;10;9707860369;B
20240228;100142;3187;10;9707860370;B
20240228;100142;3187;25;9707860371;B
20240228;100142;3188;8;9707860372;B
20240228;100142;3188.5;25;9707860373;B
20240228;100142;3188.5;61;9707860374;B
20240228;100142;3189;30;9707860375;B
20240228;100142;3189;48;9707860376;B
20240228;100144;3185.5;2;9707860784;S
20240228;100145;3189;1;9707860885;B
20240228;100146;3189;29;9707861395;B
20240228;100146;3189.5;1;9707861396;B
20240228;100146;3189.5;1;9707861397;B
20240228;100146;3189.5;1;9707861398;B
20240228;100146;3189.5;8;9707861399;B
20240228;100147;3189;10;9707861872;S
20240228;100147;3189;1;9707861913;S
20240228;100148;3189.5;6;9707862167;B
20240228;100148;3189.5;2;9707862168;B
20240228;100148;3189.5;3;9707862169;B
20240228;100148;3190;3;9707862170;B
20240228;100149;3189;48;9707862209;S
20240228;100149;3186;25;9707862210;S
20240228;100149;3185.5;1;9707862211;S
20240228;100149;3185.5;51;9707862212;S
20240228;100149;3189;1;9707862386;B
20240228;100149;3189;1;9707862399;B
20240228;100149;3189.5;5;9707862400;B
20240228;100150;3186.5;5;9707862604;S
20240228;100151;3186.5;95;9707862796;S
20240228;100151;3185.5;1;9707862797;S
20240228;100151;3185;25;9707862798;S
20240228;100151;3185;78;9707862799;S
20240228;100152;3185;10;9707862893;B
20240228;100152;3185;10;9707862900;B
20240228;100152;3185;1;9707863031;B
20240228;100153;3185;10;9707863189;B
20240228;100154;3185;5;9707863284;B
20240228;100154;3185;3;9707863293;B
20240228;100155;3185;12;9707863436;B
20240228;100155;3187.5;1;9707863488;B
20240228;100155;3188;25;9707863489;B
20240228;100155;3188.5;1;9707863490;B
20240228;100155;3188.5;30;9707863491;B
20240228;100155;3189;1;9707863492;B
20240228;100155;3189.5;1;9707863493;B
20240228;100155;3189.5;13;9707863494;B
20240228;100155;3189.5;8;9707863495;B
20240228;100156;3187;1;9707863576;S
20240228;100157;3189.5;1;9707863772;B
20240228;100200;3189;1;9707864497;S
20240228;100200;3189.5;2;9707864519;B
20240228;100201;3189.5;4;9707864653;B
20240228;100201;3189.5;8;9707864723;B
20240228;100202;3189;4;9707864761;S
20240228;100202;3188.5;5;9707864762;S
20240228;100202;3188;3;9707864763;S
20240228;100204;3189;1;9707865215;B
20240228;100204;3189.5;1;9707865216;B
20240228;100204;3189;1;9707865290;B
20240228;100205;3188.5;1;9707865488;B
20240228;100205;3188.5;1;9707865697;B
20240228;100205;3189;2;9707865698;B
20240228;100206;3189.5;30;9707865862;B
20240228;100206;3189;2;9707865896;S
20240228;100208;3189.5;5;9707866477;B
20240228;100208;3189.5;5;9707866510;B
20240228;100209;3189;1;9707866644;S
20240228;100209;3189;4;9707866645;S
20240228;100209;3189;1;9707866676;S
20240228;100213;3188;1;9707867263;S
20240228;100215;3189;1;9707867613;B
20240228;100215;3189;1;9707867614;B
20240228;100217;3188;1;9707868120;S
20240228;100218;3188;28;9707868199;S
20240228;100218;3188;10;9707868200;S
20240228;100218;3189;20;9707868209;B
20240228;100219;3188;3;9707868431;S
20240228;100219;3187.5;47;9707868432;S
20240228;100219;3187.5;23;9707868513;S
20240228;100219;3187;4;9707868514;S
20240228;100219;3186;1;9707868515;S
20240228;100219;3186;2;9707868516;S
20240228;100224;3188;1;9707869171;S
20240228;100224;3188;5;9707869172;S
20240228;100224;3188;1;9707869173;S
20240228;100224;3187.5;1;9707869213;S
20240228;100224;3188;6;9707869250;B
20240228;100224;3187.5;1;9707869256;S
20240228;100225;3187.5;1;9707869325;S
20240228;100225;3188;14;9707869342;B
20240228;100227;3188;8;9707869610;B
20240228;100227;3188;2;9707869611;B
20240228;100227;3188.5;25;9707869612;B
20240228;100227;3189;29;9707869613;B
20240228;100227;3189;6;9707869614;B
20240228;100228;3187.5;2;9707869800;B
20240228;100228;3187.5;2;9707869801;B
20240228;100228;3188;6;9707869802;B
20240228;100230;3186.5;11;9707870124;S
20240228;100230;3186;3;9707870125;S
20240228;100230;3186;16;9707870126;S
20240228;100230;3185.5;20;9707870127;S
20240228;100230;3185;21;9707870128;S
20240228;100230;3185;50;9707870129;S
20240228;100230;3185;20;9707870130;S
20240228;100230;3185;1;9707870131;S
20240228;100230;3185;1;9707870132;S
20240228;100230;3185;1;9707870133;S
20240228;100230;3185;30;9707870134;S
20240228;100231;3185;30;9707870307;B
20240228;100231;3185;15;9707870329;B
20240228;100231;3185;1;9707870436;B
20240228;100232;3184.5;6;9707870685;S
20240228;100233;3185;80;9707870792;B
20240228;100233;3185;2;9707870882;B
20240228;100234;3185;1;9707870945;B
20240228;100235;3185;2;9707871141;B
20240228;100235;3185;5;9707871143;B
20240228;100235;3185;1;9707871190;B
20240228;100235;3185;14;9707871195;B
20240228;100235;3186.5;6;9707871196;B
20240228;100236;3187.5;5;9707871390;B
20240228;100236;3187.5;10;9707871391;B
20240228;100236;3187.5;1;9707871392;B
20240228;100236;3188;4;9707871393;B
20240228;100240;3188;2;9707872190;B
20240228;100244;3188;3;9707872816;B
20240228;100246;3186;28;9707873189;S
20240228;100246;3186;2;9707873190;S
20240228;100248;3187.5;100;9707873507;B
20240228;100248;3188;15;9707873508;B
20240228;100248;3188;2;9707873509;B
20240228;100248;3188;124;9707873510;B
20240228;100248;3188;1;9707873511;B
20240228;100248;3188;1;9707873512;B
20240228;100251;3188;1;9707874042;B
20240228;100255;3187;4;9707874437;B
20240228;100255;3187;3;9707874496;B
20240228;100257;3186.5;7;9707874741;S
20240228;100257;3187;40;9707874788;B
20240228;100258;3187;13;9707874850;B
20240228;100258;3186.5;4;9707874940;S
20240228;100258;3186.5;14;9707874941;S
20240228;100258;3186.5;5;9707874942;S
20240228;100259;3186;16;9707874968;S
20240228;100259;3186;10;9707875020;S
20240228;100259;3186;2;9707875091;S
20240228;100300;3186.5;2;9707875251;B
20240228;100301;3186;1;9707875263;S
20240228;100301;3186;1;9707875363;S
20240228;100301;3186.5;7;9707875394;B
20240228;100302;3186;1;9707875455;S
20240228;100302;3186.5;1;9707875470;B
20240228;100302;3186.5;1;9707875481;B
20240228;100302;3186;1;9707875490;S
20240228;100302;3186;1;9707875517;S
20240228;100303;3186;1;9707875547;S
20240228;100303;3186;1;9707875559;S
20240228;100304;3186;5;9707875784;S
20240228;100305;3186;8;9707875953;S
20240228;100305;3186;28;9707875954;S
20240228;100305;3186;1;9707875955;S
20240228;100305;3185.5;7;9707875956;S
20240228;100305;3185;1;9707875957;S
20240228;100305;3185;78;9707875958;S
20240228;100305;3185;1;9707875959;S
20240228;100306;3185;10;9707876058;B
20240228;100306;3185;1;9707876108;B
20240228;100306;3185;5;9707876209;B
20240228;100307;3185;1;9707876328;B
20240228;100307;3184.5;10;9707876356;S
20240228;100307;3184;3;9707876357;S
20240228;100307;3184;1;9707876358;S
20240228;100307;3184;4;9707876359;S
20240228;100307;3183.5;3;9707876360;S
20240228;100307;3183.5;78;9707876361;S
20240228;100307;3183;1;9707876362;S
20240228;100311;3184.5;50;9707877117;B
20240228;100311;3185;150;9707877118;B
20240228;100313;3185;4;9707877307;B
20240228;100313;3185;40;9707877371;B
20240228;100314;3184.5;2;9707877446;S
20240228;100316;3185;1;9707877694;B
20240228;100316;3185;2;9707877738;B
20240228;100317;3184.5;1;9707877890;S
20240228;100317;3184;1;9707877891;S
20240228;100318;3184.5;1;9707878174;S
20240228;100319;3184.5;4;9707878224;S
20240228;100319;3185;20;9707878256;B
20240228;100320;3184.5;1;9707878346;S
20240228;100321;3184.5;1;9707878524;S
20240228;100321;3185;15;9707878621;B
20240228;100322;3185;40;9707878729;B
20240228;100322;3185;10;9707878730;B
20240228;100322;3185;1;9707878759;B
20240228;100323;3184.5;1;9707878865;S
20240228;100324;3184.5;18;9707878974;S
20240228;100324;3184.5;1;9707878997;S
20240228;100324;3185;1;9707879107;B
20240228;100324;3185;1;9707879171;B
20240228;100325;3185;10;9707879290;B
20240228;100326;3184.5;27;9707879488;S
20240228;100327;3184.5;1;9707879522;S
20240228;100327;3184.5;10;9707879618;S
20240228;100328;3185;64;9707879806;B
20240228;100328;3186;10;9707879807;B
20240228;100328;3186.5;30;9707879808;B
20240228;100328;3186.5;90;9707879809;B
20240228;100328;3185;20;9707880049;S
20240228;100329;3185.5;2;9707880122;B
20240228;100331;3185;1;9707880446;S
20240228;100331;3185;4;9707880449;S
20240228;100331;3185;97;9707880450;S
20240228;100331;3184.5;11;9707880451;S
20240228;100331;3184.5;38;9707880452;S
20240228;100331;3185.5;3;9707880463;B
20240228;100333;3185.5;9;9707880822;B
20240228;100333;3185;20;9707880925;S
20240228;100334;3186;1;9707881247;B
20240228;100334;3186.5;9;9707881248;B
20240228;100340;3185.5;9;9707882715;B
20240228;100340;3186;2;9707882716;B
20240228;100340;3186.5;1;9707882717;B
20240228;100340;3186.5;8;9707882718;B
20240228;100342;3186.5;2;9707883108;B
20240228;100342;3186.5;1;9707883109;B
20240228;100342;3186.5;1;9707883110;B
20240228;100342;3186.5;6;9707883111;B
20240228;100342;3186.5;1;9707883251;B
20240228;100342;3186.5;20;9707883332;B
20240228;100344;3186;1;9707883670;S
20240228;100345;3186;8;9707883709;S
20240228;100348;3185.5;1;9707884545;S
20240228;100351;3185.5;1;9707885041;B
20240228;100352;3185.5;2;9707885111;B
20240228;100352;3186;7;9707885112;B
20240228;100355;3185;5;9707885659;S
20240228;100355;3185;78;9707885660;S
20240228;100356;3185;6;9707886055;B
20240228;100357;3185;27;9707886163;B
20240228;100358;3184.5;8;9707886385;S
20240228;100358;3184.5;22;9707886386;S
20240228;100359;3185;99;9707886492;B
20240228;100359;3184.5;2;9707886569;S
20240228;100400;3185;15;9707886733;B
20240228;100401;3185;141;9707886785;B
20240228;100403;3184.5;1;9707887108;S
20240228;100403;3184.5;1;9707887132;S
20240228;100403;3185;10;9707887137;B
20240228;100405;3185;1;9707887618;B
20240228;100405;3184.5;1;9707887671;S
20240228;100405;3184.5;2;9707887672;S
20240228;100405;3184.5;2;9707887757;S
20240228;100405;3185;1;9707887798;B
20240228;100406;3184.5;21;9707887855;S
20240228;100406;3184;5;9707887856;S
20240228;100406;3184;1;9707887857;S
20240228;100406;3184;6;9707887942;S
20240228;100406;3184;4;9707887943;S
20240228;100406;3183.5;13;9707888057;S
20240228;100406;3185;1;9707888088;B
20240228;100406;3185;3;9707888121;B
20240228;100406;3183;1;9707888205;S
20240228;100406;3183;30;9707888206;S
20240228;100406;3183;2;9707888207;S
20240228;100406;3183;7;9707888208;S
20240228;100406;3183;25;9707888209;S
20240228;100406;3182.5;1;9707888210;S
20240228;100406;3182;3;9707888211;S
20240228;100406;3182;31;9707888212;S
20240228;100410;3182.5;1;9707889135;B
20240228;100410;3182.5;1;9707889182;B
20240228;100410;3182.5;1;9707889198;B
20240228;100411;3182;2;9707889366;S
20240228;100411;3182.5;11;9707889419;B
20240228;100413;3182.5;18;9707889643;B
20240228;100413;3182;23;9707889659;S
20240228;100413;3181.5;6;9707889660;S
20240228;100413;3182;7;9707889731;B
20240228;100413;3182;13;9707889732;B
20240228;100413;3183.5;7;9707889733;B
20240228;100413;3184;13;9707889734;B
20240228;100421;3183;1;9707891111;S
20240228;100427;3182.5;1;9707892222;S
20240228;100429;3182.5;2;9707892545;S
20240228;100429;3182;1;9707892617;S
20240228;100435;3183;2;9707893811;B
20240228;100435;3183;1;9707893812;B
20240228;100436;3182;21;9707894007;S
20240228;100437;3182.5;10;9707894144;B
20240228;100443;3182;1;9707894993;S
20240228;100443;3182;2;9707895059;S
20240228;100444;3182.5;1;9707895179;B
20240228;100446;3182.5;2;9707895540;B
20240228;100446;3182.5;7;9707895560;B
20240228;100447;3182;6;9707895641;S
20240228;100447;3182;2;9707895669;B
20240228;100447;3182;8;9707895670;B
20240228;100449;3181.5;1;9707895922;S
20240228;100454;3181;1;9707896928;S
20240228;100454;3181;1;9707896929;S
20240228;100454;3181;5;9707896930;S
20240228;100454;3181;3;9707896931;S
20240228;100459;3181;4;9707897965;S
20240228;100501;3182;1;9707898318;B
20240228;100501;3182;1;9707898319;B
20240228;100501;3182;1;9707898320;B
20240228;100501;3182;1;9707898321;B
20240228;100501;3182;1;9707898322;B
20240228;100502;3182.5;10;9707898434;B
20240228;100503;3182;1;9707898496;S
20240228;100503;3182;2;9707898631;S
20240228;100503;3182;4;9707898633;S
20240228;100504;3182.5;25;9707898705;B
20240228;100504;3182.5;3;9707898837;B
20240228;100505;3182;1;9707899060;S
20240228;100506;3182;1;9707899102;S
20240228;100509;3182;1;9707899640;S
20240228;100510;3182;7;9707899970;S
20240228;100511;3182;8;9707900057;S
20240228;100511;3182;1;9707900058;S
20240228;100511;3182;2;9707900059;S
20240228;100511;3182.5;1;9707900077;B
20240228;100511;3182.5;10;9707900098;B
20240228;100511;3182;1;9707900101;S
20240228;100512;3182.5;16;9707900229;B
20240228;100517;3182.5;2;9707901218;B
20240228;100518;3182;2;9707901365;S
20240228;100518;3182;10;9707901369;S
20240228;100518;3182;1;9707901388;S
20240228;100520;3182.5;1;9707901944;B
20240228;100521;3182.5;15;9707902075;B
20240228;100521;3182;1;9707902161;S
20240228;100521;3182;3;9707902162;S
20240228;100525;3182.5;1;9707902905;B
20240228;100525;3182;15;9707903151;S
20240228;100525;3182.5;6;9707903152;B
20240228;100525;3182.5;1;9707903153;B
20240228;100525;3182.5;1;9707903154;B
20240228;100527;3183;1;9707903623;B
20240228;100528;3182.5;1;9707903790;S
20240228;100532;3183;1;9707904366;B
20240228;100532;3182.5;1;9707904377;S
20240228;100532;3183;1;9707904391;B
20240228;100532;3183;1;9707904392;B
20240228;100532;3183;1;9707904393;B
20240228;100533;3183;6;9707904545;B
20240228;100534;3183;1;9707904811;B
20240228;100536;3182.5;7;9707905028;S
20240228;100537;3183;1;9707905272;B
20240228;100537;3183;4;9707905280;B
20240228;100537;3183;6;9707905327;B
20240228;100537;3183;17;9707905328;B
20240228;100537;3183;10;9707905376;B
20240228;100538;3183;20;9707905428;B
20240228;100539;3183;1;9707905695;B
20240228;100539;3183;1;9707905697;B
20240228;100539;3183;2;9707905774;B
20240228;100539;3183;49;9707905823;B
20240228;100539;3183.5;1;9707905824;B
20240228;100543;3184;7;9707906531;B
20240228;100546;3183.5;32;9707907243;S
20240228;100546;3183.5;78;9707907244;S
20240228;100546;3183.5;19;9707907245;S
20240228;100546;3182.5;21;9707907246;S
20240228;100548;3184;3;9707907529;B
20240228;100551;3184;45;9707908654;B
20240228;100553;3183;1;9707908984;S
20240228;100608;3183;1;9707911914;S
20240228;100609;3183.5;1;9707912259;S
20240228;100616;3183.5;1;9707914174;S
20240228;100617;3184;2;9707914216;B
20240228;100618;3184;3;9707914411;B
20240228;100618;3184;27;9707914412;B
20240228;100618;3184;10;9707914413;B
20240228;100618;3184;1;9707914414;B
20240228;100618;3184;18;9707914415;B
20240228;100618;3184;60;9707914416;B
20240228;100618;3184;1;9707914417;B
20240228;100618;3184;15;9707914418;B
20240228;100620;3184.5;10;9707914694;B
20240228;100623;3184.5;5;9707915221;S
20240228;100623;3185;1;9707915280;B
20240228;100623;3184.5;1;9707915286;S
20240228;100624;3184.5;1;9707915398;S
20240228;100625;3184.5;10;9707915589;S
20240228;100625;3184.5;1;9707915590;S
20240228;100625;3185;9;9707915632;B
20240228;100625;3185;37;9707915633;B
20240228;100628;3185;1;9707916142;B
20240228;100629;3185;2;9707916368;B
20240228;100629;3185;6;9707916436;B
20240228;100630;3185;2;9707916548;B
20240228;100631;3184.5;29;9707916711;S
20240228;100631;3185;2;9707916722;B
20240228;100631;3185;20;9707916723;B
20240228;100631;3185;8;9707916724;B
20240228;100632;3184.5;7;9707916924;S
20240228;100632;3185;2;9707916979;B
20240228;100634;3184.5;5;9707917178;S
20240228;100640;3185;1;9707918340;B
20240228;100640;3184.5;1;9707918347;S
20240228;100641;3185;37;9707918479;B
20240228;100641;3185;4;9707918480;B
20240228;100641;3185;9;9707918481;B
20240228;100641;3185;2;9707918482;B
20240228;100641;3185;19;9707918483;B
20240228;100644;3185.5;2;9707919152;B
20240228;100645;3185;25;9707919388;S
20240228;100645;3185;25;9707919389;S
20240228;100646;3185;14;9707919521;B
20240228;100646;3185;11;9707919522;B
20240228;100646;3185.5;19;9707919523;B
20240228;100646;3185.5;10;9707919524;B
20240228;100646;3185.5;250;9707919595;S
20240228;100646;3185.5;8;9707919601;S
20240228;100646;3185;25;9707919602;S
20240228;100646;3185;19;9707919603;S
20240228;100646;3184.5;29;9707919604;S
20240228;100646;3184.5;50;9707919605;S
20240228;100646;3184.5;1;9707919606;S
20240228;100646;3184;68;9707919607;S
20240228;100646;3184;5;9707919608;S
20240228;100646;3184;10;9707919609;S
20240228;100646;3184;5;9707919610;S
20240228;100646;3184;30;9707919643;B
20240228;100646;3184;8;9707919644;B
20240228;100647;3184;26;9707919939;B
20240228;100647;3185;10;9707919940;B
20240228;100647;3185;9;9707919941;B
20240228;100649;3185;15;9707920339;S
20240228;100649;3185;10;9707920427;B
20240228;100649;3185;18;9707920428;B
20240228;100651;3184;10;9707920797;B
20240228;100653;3184;1;9707921149;B
20240228;100654;3184;10;9707921387;B
20240228;100655;3184;1;9707921542;S
20240228;100655;3183.5;2;9707921543;S
20240228;100655;3184.5;10;9707921582;B
20240228;100658;3184.5;2;9707921933;B
20240228;100658;3184;5;9707922063;S
20240228;100659;3184.5;12;9707922147;B
20240228;100700;3184;3;9707922290;S
20240228;100701;3184;122;9707922461;S
20240228;100702;3184.5;26;9707922660;B
20240228;100702;3184.5;4;9707922661;B
20240228;100705;3184;8;9707923135;S
20240228;100706;3184.5;5;9707923281;S
20240228;100707;3185;2;9707923560;B
20240228;100708;3184.5;4;9707923789;S
20240228;100710;3184.5;1;9707924187;B
20240228;100711;3184.5;17;9707924413;B
20240228;100715;3184;1;9707925010;S
20240228;100717;3185;4;9707925326;B
20240228;100718;3185;2;9707925505;B
20240228;100719;3184.5;1;9707925691;S
20240228;100721;3185;1;9707926347;B
20240228;100723;3184.5;5;9707926703;S
20240228;100724;3185;4;9707926766;B
20240228;100724;3184.5;10;9707926785;S
20240228;100724;3184.5;1;9707926844;S
20240228;100728;3185;1;9707927570;B
20240228;100729;3184.5;1;9707927608;S
20240228;100729;3185;1;9707927683;B
20240228;100729;3184.5;2;9707927703;S
20240228;100730;3185;6;9707927798;B
20240228;100730;3185;10;9707927853;B
20240228;100736;3184.5;4;9707928587;S
20240228;100736;3184.5;17;9707928588;S
20240228;100736;3184.5;25;9707928589;S
20240228;100736;3184.5;32;9707928590;S
20240228;100739;3185;1;9707929101;B
20240228;100743;3184;34;9707929670;S
20240228;100743;3184;45;9707929775;S
20240228;100743;3184.5;32;9707929850;B
20240228;100743;3185;18;9707929851;B
20240228;100743;3185;23;9707929852;B
20240228;100745;3185;2;9707930050;B
20240228;100745;3184;2;9707930053;S
20240228;100745;3185;2;9707930211;B
20240228;100750;3185;43;9707931337;B
20240228;100750;3185;1;9707931338;B
20240228;100750;3185;3;9707931339;B
20240228;100750;3185;1;9707931340;B
20240228;100750;3185;10;9707931341;B
20240228;100750;3185;10;9707931342;B
20240228;100750;3185;1;9707931343;B
20240228;100750;3185;2;9707931344;B
20240228;100750;3185;1;9707931345;B
20240228;100750;3185;8;9707931366;S
20240228;100751;3185;2;9707931578;B
20240228;100751;3185.5;5;9707931579;B
20240228;100751;3185.5;15;9707931580;B
20240228;100751;3185.5;17;9707931581;B
20240228;100751;3186;81;9707931582;B
20240228;100752;3185;1;9707931913;B
20240228;100752;3186;1;9707932100;B
20240228;100753;3185;1;9707932306;S
20240228;100753;3185;4;9707932307;S
20240228;100754;3186;2;9707932507;B
20240228;100755;3185;5;9707932746;B
20240228;100755;3185;5;9707932775;S
20240228;100757;3184.5;5;9707933165;S
20240228;100800;3185;3;9707933721;S
20240228;100800;3185;2;9707933722;S
20240228;100802;3185;2;9707934119;B
20240228;100803;3185;3;9707934266;B
20240228;100804;3184.5;20;9707934629;S
20240228;100804;3184.5;17;9707934630;S
20240228;100806;3184.5;5;9707934974;S
20240228;100807;3184.5;1;9707935002;S
20240228;100809;3185;1;9707935256;B
20240228;100809;3185;3;9707935257;B
20240228;100811;3184.5;1;9707935627;S
20240228;100812;3185;4;9707935858;B
20240228;100814;3184.5;18;9707936403;S
20240228;100814;3184.5;17;9707936404;S
20240228;100814;3184.5;28;9707936405;S
20240228;100814;3185;8;9707936406;B
20240228;100818;3185;4;9707937180;S
20240228;100819;3185;1;9707937262;B
20240228;100819;3185.5;1;9707937298;B
20240228;100833;3184.5;3;9707939855;S
20240228;100833;3185;1;9707939892;B
20240228;100835;3185;1;9707940039;B
20240228;100835;3185;3;9707940135;B
20240228;100837;3185.5;1;9707940422;B
20240228;100840;3185.5;2;9707940873;B
20240228;100840;3185.5;7;9707941083;B
20240228;100842;3186;10;9707941447;B
20240228;100845;3186;3;9707941959;B
20240228;100847;3186;3;9707942278;B
20240228;100850;3185.5;10;9707942622;B
20240228;100850;3186;25;9707942732;B
20240228;100854;3186;60;9707943279;B
20240228;100854;3186;1;9707943280;B
20240228;100854;3186;4;9707943281;B
20240228;100854;3186;1;9707943282;B
20240228;100854;3186;4;9707943283;B
20240228;100854;3186;21;9707943284;B
20240228;100854;3186;2;9707943285;B
20240228;100854;3186;7;9707943286;B
20240228;100855;3185.5;5;9707943490;S
20240228;100856;3185.5;5;9707943568;S
20240228;100857;3185.5;27;9707943710;S
20240228;100857;3185;7;9707943711;S
20240228;100857;3185;100;9707943712;S
20240228;100857;3185;2;9707943713;S
20240228;100857;3184.5;1;9707943758;S
20240228;100858;3184.5;6;9707943796;S
20240228;100858;3184.5;3;9707943797;S
20240228;100858;3184.5;1;9707943798;S
20240228;100858;3184.5;9;9707943799;S
20240228;100900;3184.5;1;9707944227;B
20240228;100900;3184;7;9707944233;S
20240228;100901;3184.5;4;9707944399;B
20240228;100901;3184.5;20;9707944400;B
20240228;100901;3184;4;9707944405;S
20240228;100901;3185;2;9707944437;B
20240228;100901;3185;26;9707944438;B
20240228;100901;3185;1;9707944442;B
20240228;100901;3185;2;9707944443;B
20240228;100901;3184;100;9707944464;S
20240228;100901;3185;17;9707944487;B
20240228;100905;3184.5;5;9707945159;B
20240228;100910;3184.5;1;9707945934;B
20240228;100914;3184.5;1;9707946683;B
20240228;100915;3184.5;1;9707946813;B
20240228;100915;3184.5;1;9707946851;B
20240228;100917;3184.5;2;9707946985;B
20240228;100918;3185;16;9707947199;B
20240228;100918;3185;20;9707947200;B
20240228;100918;3185;5;9707947239;S
20240228;100922;3185;1;9707947773;S
20240228;100922;3186;3;9707947854;B
20240228;100922;3186;2;9707947855;B
20240228;100922;3186;15;9707947856;B
20240228;100930;3185;1;9707948977;S
20240228;100932;3185.5;2;9707949158;B
20240228;100932;3185;2;9707949204;S
20240228;100932;3185;3;9707949215;S
20240228;100933;3185;4;9707949235;S
20240228;100933;3185.5;3;9707949271;B
20240228;100933;3186;4;9707949294;B
20240228;100933;3186;1;9707949295;B
20240228;100933;3186;5;9707949296;B
20240228;100935;3186;5;9707949603;B
20240228;100935;3186;5;9707949604;B
20240228;100935;3186.5;1;9707949605;B
20240228;100935;3186.5;89;9707949606;B
20240228;100935;3185.5;2;9707949644;S
20240228;100936;3185.5;1;9707949734;B
20240228;100937;3185.5;2;9707949863;B
20240228;100942;3186;1;9707950559;S
20240228;100942;3186.5;5;9707950574;B
20240228;100943;3186;4;9707950637;S
20240228;100943;3186;1;9707950638;S
20240228;100943;3186.5;7;9707950797;B
20240228;100943;3186.5;1;9707950798;B
20240228;100943;3187;28;9707950799;B
20240228;100944;3186;5;9707950837;B
20240228;100946;3185.5;5;9707951089;B
20240228;100948;3185.5;1;9707951405;B
20240228;100953;3186;40;9707952290;B
20240228;100953;3186;5;9707952375;B
20240228;100955;3186;5;9707952611;B
20240228;100956;3185.5;15;9707952863;S
20240228;100956;3185.5;12;9707952864;S
20240228;100957;3185.5;1;9707953061;S
20240228;100958;3186;5;9707953179;B
20240228;100959;3186;5;9707953364;B
20240228;101001;3186;5;9707953562;B
20240228;101003;3185.5;5;9707953860;S
20240228;101004;3185.5;30;9707954299;S
20240228;101005;3186;70;9707954407;B
20240228;101007;3185.5;5;9707954632;S
20240228;101011;3186;10;9707955163;B
20240228;101014;3186;2;9707955628;B
20240228;101017;3185.5;5;9707956137;S
20240228;101018;3186;30;9707956304;B
20240228;101019;3186;30;9707956420;B
20240228;101021;3186;12;9707956641;B
20240228;101023;3185.5;5;9707957028;S
20240228;101023;3186;2;9707957059;B
20240228;101023;3186;1;9707957188;B
20240228;101023;3186;2;9707957213;B
20240228;101025;3185.5;1;9707957354;S
20240228;101025;3185.5;17;9707957393;S
20240228;101025;3186;2;9707957404;B
20240228;101025;3185.5;9;9707957435;S
20240228;101025;3185;1;9707957436;S
20240228;101025;3185;4;9707957437;S
20240228;101025;3185;1;9707957438;S
20240228;101025;3185;10;9707957439;S
20240228;101025;3185;16;9707957440;S
20240228;101025;3184.5;3;9707957441;S
20240228;101025;3184.5;2;9707957442;S
20240228;101025;3184.5;32;9707957443;S
20240228;101025;3184.5;78;9707957444;S
20240228;101025;3184.5;4;9707957445;S
20240228;101027;3185.5;5;9707957633;S
20240228;101027;3185.5;1;9707957695;S
20240228;101032;3185.5;2;9707958257;S
20240228;101035;3186;9;9707958936;B
20240228;101035;3185.5;2;9707958982;S
20240228;101035;3185.5;8;9707958983;S
20240228;101036;3186;1;9707959138;B
20240228;101037;3186;1;9707959225;B
20240228;101037;3185.5;5;9707959338;S
20240228;101039;3186;1;9707959704;B
20240228;101040;3185.5;6;9707959858;S
20240228;101042;3186;2;9707960169;B
20240228;101043;3186;4;9707960292;B
20240228;101045;3185.5;31;9707960533;S
20240228;101045;3185.5;1;9707960534;S
20240228;101045;3185.5;12;9707960535;S
20240228;101045;3185.5;25;9707960536;S
20240228;101046;3185.5;25;9707960674;S
20240228;101050;3185;1;9707961385;S
20240228;101052;3185;20;9707961698;S
20240228;101052;3185;5;9707961699;S
20240228;101052;3185;6;9707961700;S
20240228;101052;3184.5;29;9707961701;S
20240228;101058;3184.5;21;9707962874;S
20240228;101058;3184.5;10;9707962875;S
20240228;101100;3184.5;5;9707963275;S
20240228;101100;3184.5;100;9707963294;S
20240228;101103;3184.5;10;9707964006;S
20240228;101104;3184.5;35;9707964434;S
20240228;101106;3185;3;9707965035;B
20240228;101110;3184.5;40;9707966017;S
20240228;101110;3184.5;2;9707966018;S
20240228;101110;3184;154;9707966019;S
20240228;101114;3184.5;1;9707966616;B
20240228;101115;3184.5;3;9707966901;B
20240228;101116;3184;5;9707966941;S
20240228;101116;3184.5;1;9707967005;B
20240228;101116;3184.5;2;9707967006;B
20240228;101120;3184;195;9707967916;S
20240228;101120;3184;2;9707967917;S
20240228;101120;3184;6;9707967918;S
20240228;101120;3184;1;9707967919;S
20240228;101120;3184;10;9707967920;S
20240228;101120;3184;10;9707967921;S
20240228;101120;3184;10;9707967922;S
20240228;101120;3184;78;9707967923;S
20240228;101120;3184;50;9707967924;S
20240228;101120;3184;1;9707967925;S
20240228;101120;3183.5;8;9707967926;S
20240228;101120;3183.5;9;9707967927;S
20240228;101120;3183;20;9707967928;S
20240228;101120;3183;4;9707967929;S
20240228;101120;3183;2;9707967930;S
20240228;101120;3183;6;9707967931;S
20240228;101120;3183;25;9707967932;S
20240228;101120;3182.5;4;9707967933;S
20240228;101120;3182.5;50;9707967934;S
20240228;101120;3182;30;9707967935;S
20240228;101120;3182;8;9707967936;S
20240228;101120;3182;113;9707967937;S
20240228;101120;3182;8;9707967938;S
20240228;101120;3181.5;5;9707967939;S
20240228;101120;3181.5;50;9707967940;S
20240228;101120;3181;40;9707967941;S
20240228;101120;3181;5;9707967942;S
20240228;101120;3181;18;9707967943;S
20240228;101120;3181;5;9707967944;S
20240228;101120;3180.5;1;9707967945;S
20240228;101120;3180.5;2;9707967946;S
20240228;101120;3180.5;4;9707967947;S
20240228;101120;3180;5;9707967948;S
20240228;101120;3180;20;9707967949;S
20240228;101120;3180;1;9707967950;S
20240228;101120;3180;6;9707967951;S
20240228;101120;3180;2;9707967952;S
20240228;101120;3180;5;9707967953;S
20240228;101120;3180;10;9707967954;S
20240228;101120;3180;86;9707967955;S
20240228;101120;3180;10;9707967956;S
20240228;101120;3180;10;9707967957;S
20240228;101120;3180;25;9707967958;S
20240228;101120;3179.5;30;9707967959;S
20240228;101120;3179;4;9707967960;S
20240228;101120;3179;6;9707967961;S
20240228;101120;3182.5;6;9707967993;S
20240228;101120;3182.5;20;9707967994;S
20240228;101120;3182;78;9707967995;S
20240228;101120;3181.5;30;9707967996;S
20240228;101120;3181.5;16;9707967997;S
20240228;101120;3180.5;12;9707967998;S
20240228;101120;3179.5;25;9707967999;S
20240228;101120;3179;4;9707968000;S
20240228;101120;3178.5;2;9707968001;S
20240228;101120;3178;3;9707968002;S
20240228;101120;3178;8;9707968003;S
20240228;101120;3178;96;9707968004;S
20240228;101120;3177.5;3;9707968005;S
20240228;101120;3177.5;25;9707968006;S
20240228;101120;3177.5;172;9707968007;S
20240228;101120;3182.5;6;9707968008;B
20240228;101120;3182.5;32;9707968009;B
20240228;101120;3182.5;2;9707968010;B
20240228;101120;3182.5;20;9707968011;B
20240228;101120;3182.5;3;9707968012;B
20240228;101120;3182.5;46;9707968013;S
20240228;101120;3182.5;1;9707968014;S
20240228;101120;3182.5;46;9707968015;S
20240228;101120;3182.5;47;9707968016;S
20240228;101120;3182.5;7;9707968017;S
20240228;101120;3182.5;40;9707968018;S
20240228;101120;3182.5;21;9707968019;S
20240228;101120;3180.5;1;9707968087;S
20240228;101120;3181;3;9707968102;S
20240228;101120;3181;15;9707968173;S
20240228;101120;3181;21;9707968174;S
20240228;101120;3179;1;9707968190;S
20240228;101121;3180.5;78;9707968266;S
20240228;101121;3180;6;9707968267;S
20240228;101121;3180;6;9707968388;B
20240228;101123;3179.5;2;9707968778;S
20240228;101125;3179.5;1;9707969111;S
20240228;101125;3179.5;7;9707969112;S
20240228;101125;3180;8;9707969208;B
20240228;101125;3180;6;9707969209;B
20240228;101125;3180.5;1;9707969210;B
20240228;101125;3180.5;12;9707969211;B
20240228;101125;3181;10;9707969212;B
20240228;101125;3181.5;12;9707969213;B
20240228;101125;3181.5;32;9707969214;B
20240228;101127;3182;40;9707969804;B
20240228;101127;3182.5;10;9707969805;B
20240228;101135;3182;1;9707971806;B
20240228;101136;3182;9;9707971854;B
20240228;101136;3182.5;1;9707971855;B
20240228;101139;3182.5;1;9707972498;S
20240228;101139;3182.5;12;9707972501;S
20240228;101142;3183;10;9707973120;B
20240228;101142;3183;12;9707973121;B
20240228;101142;3183;14;9707973122;B
20240228;101142;3183.5;8;9707973123;B
20240228;101142;3184;25;9707973124;B
20240228;101142;3184;1;9707973125;B
20240228;101146;3184;130;9707974005;S
20240228;101146;3183;15;9707974006;S
20240228;101146;3182.5;7;9707974007;S
20240228;101146;3182;6;9707974008;S
20240228;101148;3181.5;5;9707974410;S
20240228;101149;3181.5;14;9707974486;S
20240228;101152;3180.5;1;9707974901;S
20240228;101152;3181;1;9707974956;B
20240228;101152;3181.5;5;9707974957;B
20240228;101152;3181.5;3;9707974958;B
20240228;101153;3182;7;9707975077;B
20240228;101153;3182.5;6;9707975078;B
20240228;101153;3182.5;27;9707975079;B
20240228;101159;3181;1;9707976196;B
20240228;101159;3180.5;12;9707976231;S
20240228;101201;3181;1;9707976534;B
20240228;101204;3180.5;40;9707977116;S
20240228;101214;3180.5;1;9707979367;S
20240228;101214;3180.5;3;9707979392;B
20240228;101215;3180;9;9707979627;S
20240228;101215;3180;69;9707979628;S
20240228;101216;3180;2;9707979855;S
20240228;101220;3179.5;1;9707980642;B
20240228;101221;3180;6;9707980707;B
20240228;101221;3180;4;9707980708;B
20240228;101221;3180;2;9707980725;B
20240228;101221;3180;8;9707980726;B
20240228;101221;3180;2;9707980727;B
20240228;101222;3180.5;15;9707981102;B
20240228;101224;3180;1;9707981702;S
20240228;101229;3180;2;9707982497;S
20240228;101230;3180.5;10;9707982692;B
20240228;101230;3180.5;6;9707982698;B
20240228;101232;3180;17;9707983026;S
20240228;101235;3180.5;19;9707983569;B
20240228;101235;3180.5;13;9707983570;B
20240228;101235;3180.5;68;9707983571;B
20240228;101236;3180;7;9707983726;S
20240228;101237;3180;1;9707983950;S
20240228;101237;3180;2;9707983954;S
20240228;101242;3180;2;9707984998;S
20240228;101244;3180;2;9707985519;S
20240228;101245;3180.5;1;9707985539;B
20240228;101247;3180.5;1;9707986111;B
20240228;101248;3180;2;9707986374;S
20240228;101251;3180;10;9707986950;S
20240228;101252;3180;2;9707987123;S
20240228;101252;3180;1;9707987124;S
20240228;101252;3180;75;9707987125;S
20240228;101252;3180;3;9707987261;S
20240228;101252;3180;1;9707987262;S
20240228;101256;3180.5;3;9707987895;B
20240228;101259;3180;5;9707988436;S
20240228;101259;3180.5;9;9707988452;B
20240228;101300;3180.5;18;9707989165;B
20240228;101300;3180.5;1;9707989166;B
20240228;101301;3180.5;1;9707989229;S
20240228;101302;3180.5;54;9707989591;S
20240228;101305;3180.5;16;9707990374;S
20240228;101305;3180;4;9707990375;S
20240228;101305;3180;80;9707990376;S
20240228;101310;3179.5;1;9707991464;S
20240228;101313;3180;1;9707991871;B
20240228;101313;3180;1;9707991913;B
20240228;101315;3179.5;17;9707992222;S
20240228;101316;3179.5;81;9707992233;S
20240228;101316;3179.5;1;9707992234;S
20240228;101316;3179.5;1;9707992235;S
20240228;101316;3179;20;9707992236;S
20240228;101316;3179;17;9707992237;B
20240228;101316;3179.5;13;9707992238;B
20240228;101316;3180;54;9707992253;B
20240228;101318;3179.5;5;9707992483;S
20240228;101319;3180;77;9707992711;B
20240228;101320;3179.5;5;9707992788;S
20240228;101323;3180;2;9707993661;B
20240228;101324;3178.5;4;9707994306;S
20240228;101324;3178.5;10;9707994431;S
20240228;101326;3178;1;9707995022;S
20240228;101327;3178;1;9707995037;B
20240228;101329;3178;1;9707995632;B
20240228;101329;3177.5;78;9707995782;S
20240228;101329;3177;21;9707995783;S
20240228;101330;3177.5;34;9707995835;S
20240228;101330;3177;4;9707995836;S
20240228;101330;3177;1;9707995877;S
20240228;101332;3177;50;9707996182;S
20240228;101333;3178;1;9707996287;B
20240228;101336;3178;1;9707996992;B
20240228;101339;3177;1;9707997601;S
20240228;101341;3179;1;9707998037;B
20240228;101344;3179;12;9707998694;B
20240228;101344;3179;4;9707998695;B
20240228;101345;3178;7;9707998752;S
20240228;101348;3178.5;4;9707999388;S
20240228;101352;3179;1;9707999997;B
20240228;101352;3179;1;9707999998;B
20240228;101356;3178;1;9708000730;S
20240228;101401;3179;5;9708001331;B
20240228;101408;3178;22;9708002497;S
20240228;101408;3178;3;9708002640;B
20240228;101408;3178.5;8;9708002641;B
20240228;101410;3177.5;20;9708002848;S
20240228;101410;3177.5;1;9708002849;S
20240228;101410;3177;11;9708002850;S
20240228;101416;3178.5;5;9708003970;B
20240228;101416;3178.5;5;9708003971;B
20240228;101420;3178.5;5;9708004528;B
20240228;101424;3178.5;1;9708005098;B
20240228;101425;3177.5;1;9708005463;S
20240228;101425;3177.5;1;9708005464;S
20240228;101425;3178;1;9708005568;S
20240228;101429;3178;4;9708006320;S
20240228;101430;3178.5;50;9708006496;B
20240228;101430;3178;27;9708006523;S
20240228;101430;3178;1;9708006524;S
20240228;101433;3177.5;4;9708006942;S
20240228;101433;3177.5;3;9708006943;S
20240228;101434;3177.5;2;9708007074;S
20240228;101434;3178;1;9708007224;B
20240228;101436;3177.5;15;9708007490;S
20240228;101437;3178;36;9708007646;B
20240228;101438;3178;1;9708007695;B
20240228;101439;3177.5;1;9708007775;S
20240228;101439;3177.5;39;9708007778;S
20240228;101439;3177.5;12;9708007779;S
20240228;101439;3177.5;32;9708007780;S
20240228;101439;3177;12;9708007781;S
20240228;101439;3177;79;9708007782;S
20240228;101439;3177;23;9708007783;S
20240228;101439;3177;5;9708007784;S
20240228;101439;3177;10;9708007785;S
20240228;101439;3177;2;9708007786;S
20240228;101439;3176.5;52;9708007787;S
20240228;101441;3176.5;32;9708008216;S
20240228;101441;3176.5;10;9708008217;S
20240228;101441;3176;5;9708008218;S
20240228;101441;3176;20;9708008219;S
20240228;101441;3176;3;9708008220;S
20240228;101441;3176;1;9708008221;S
20240228;101441;3176;1;9708008222;S
20240228;101441;3176;10;9708008223;S
20240228;101441;3176;50;9708008224;S
20240228;101441;3176;25;9708008225;S
20240228;101441;3176;78;9708008226;S
20240228;101441;3176;11;9708008227;S
20240228;101441;3175.5;1;9708008228;S
20240228;101441;3175.5;3;9708008229;S
20240228;101442;3176;25;9708008405;S
20240228;101442;3175.5;13;9708008406;S
20240228;101442;3175.5;50;9708008407;S
20240228;101442;3175;162;9708008408;S
20240228;101442;3175;3;9708008467;S
20240228;101445;3176;20;9708008802;B
20240228;101446;3175;80;9708008929;S
20240228;101446;3176;68;9708008952;B
20240228;101446;3176;12;9708008953;B
20240228;101446;3176.5;1;9708008954;B
20240228;101446;3177;11;9708008955;B
20240228;101446;3177.5;8;9708008956;B
20240228;101448;3176;25;9708009296;S
20240228;101448;3175.5;5;9708009297;S
20240228;101448;3176;3;9708009344;S
20240228;101449;3176;2;9708009435;S
20240228;101449;3176;3;9708009468;S
20240228;101451;3176;1;9708009639;S
20240228;101451;3176;7;9708009673;S
20240228;101451;3176;1;9708009680;S
20240228;101451;3175.5;3;9708009695;S
20240228;101451;3175.5;29;9708009763;S
20240228;101453;3175.5;13;9708009974;S
20240228;101453;3175.5;15;9708010021;S
20240228;101455;3175.5;10;9708010430;S
20240228;101455;3175.5;10;9708010442;S
20240228;101456;3175.5;20;9708010645;S
20240228;101457;3175.5;3;9708010775;S
20240228;101459;3175.5;29;9708011084;S
20240228;101459;3175.5;1;9708011085;S
20240228;101459;3175.5;10;9708011086;S
20240228;101459;3175;75;9708011087;S
20240228;101459;3175;18;9708011088;S
20240228;101459;3175;30;9708011089;S
20240228;101459;3175;1;9708011090;S
20240228;101459;3175;20;9708011091;S
20240228;101459;3175;10;9708011092;S
20240228;101459;3175;10;9708011093;S
20240228;101459;3175;27;9708011094;S
20240228;101459;3175;4;9708011095;S
20240228;101459;3175;1;9708011096;S
20240228;101459;3175;20;9708011097;S
20240228;101459;3175;1;9708011098;S
20240228;101459;3175;34;9708011099;S
20240228;101459;3174.5;9;9708011100;S
20240228;101459;3174.5;1;9708011123;S
20240228;101459;3174.5;1;9708011129;S
20240228;101500;3175.5;1;9708011346;S
20240228;101500;3174.5;39;9708011347;S
20240228;101500;3174.5;10;9708011348;S
20240228;101500;3174.5;6;9708011385;S
20240228;101500;3174.5;1;9708011420;S
20240228;101500;3174.5;2;9708011445;S
20240228;101501;3174.5;6;9708011484;S
20240228;101501;3174.5;9;9708011485;S
20240228;101501;3174;10;9708011486;S
20240228;101501;3174;2;9708011487;S
20240228;101501;3173.5;25;9708011488;S
20240228;101501;3173.5;11;9708011489;S
20240228;101501;3173.5;7;9708011490;S
20240228;101501;3173;50;9708011491;S
20240228;101501;3173;250;9708011492;S
20240228;101501;3173;8;9708011493;S
20240228;101501;3173;78;9708011494;S
20240228;101501;3172.5;2;9708011495;S
20240228;101501;3172.5;25;9708011496;S
20240228;101501;3172.5;17;9708011497;S
20240228;101501;3173;10;9708011513;S
20240228;101501;3173;2;9708011529;S
20240228;101501;3172.5;2;9708011530;S
20240228;101501;3172.5;10;9708011580;S
20240228;101501;3172.5;5;9708011596;S
20240228;101501;3172.5;7;9708011650;S
20240228;101502;3173;4;9708011671;B
20240228;101502;3172.5;9;9708011876;S
20240228;101502;3172;41;9708011877;S
20240228;101503;3172.5;30;9708012090;S
20240228;101504;3172.5;9;9708012441;S
20240228;101504;3172.5;11;9708012672;S
20240228;101504;3172.5;22;9708012673;S
20240228;101505;3172.5;30;9708012904;S
20240228;101505;3172.5;11;9708013035;S
20240228;101506;3172.5;7;9708013140;S
20240228;101506;3172.5;8;9708013315;S
20240228;101506;3172.5;15;9708013316;S
20240228;101507;3173;10;9708013365;B
20240228;101507;3172.5;4;9708013537;S
20240228;101508;3172.5;20;9708013650;S
20240228;101508;3172.5;1;9708013684;S
20240228;101508;3172.5;23;9708013809;S
20240228;101508;3172.5;27;9708013810;S
20240228;101508;3173;10;9708013904;B
20240228;101509;3172.5;4;9708013975;S
20240228;101509;3172.5;2;9708014094;S
20240228;101509;3172.5;1;9708014185;S
20240228;101510;3172;9;9708014230;S
20240228;101510;3172.5;2;9708014412;S
20240228;101510;3172.5;1;9708014413;S
20240228;101512;3172;10;9708015141;S
20240228;101513;3172;11;9708015223;S
20240228;101513;3172;13;9708015422;S
20240228;101513;3172;6;9708015427;S
20240228;101513;3172;10;9708015428;S
20240228;101514;3172;1;9708015513;S
20240228;101515;3172.5;1;9708015687;B
20240228;101515;3172.5;1;9708015688;B
20240228;101515;3172.5;8;9708015689;B
20240228;101516;3172.5;1;9708015929;B
20240228;101518;3172.5;1;9708016274;B
20240228;101519;3172.5;15;9708016381;B
20240228;101519;3172.5;5;9708016486;S
20240228;101519;3172;4;9708016487;S
20240228;101519;3172;1;9708016488;S
20240228;101519;3172;19;9708016489;S
20240228;101519;3172.5;32;9708016569;S
20240228;101519;3172;50;9708016570;S
20240228;101520;3172;50;9708016741;B
20240228;101523;3172;9;9708017288;B
20240228;101523;3171.5;10;9708017479;S
20240228;101523;3171.5;15;9708017550;S
20240228;101523;3171.5;3;9708017551;S
20240228;101523;3171.5;25;9708017552;S
20240228;101523;3171.5;32;9708017553;S
20240228;101523;3171;2;9708017554;S
20240228;101523;3171;3;9708017555;S
20240228;101524;3171.5;1;9708017568;S
20240228;101524;3171.5;20;9708017690;S
20240228;101524;3171.5;20;9708017692;S
20240228;101524;3171.5;1;9708017725;S
20240228;101524;3171.5;10;9708017797;S
20240228;101524;3171.5;1;9708017813;S
20240228;101524;3171;1;9708017814;S
20240228;101524;3172;5;9708017826;B
20240228;101525;3171.5;3;9708017865;S
20240228;101525;3171.5;2;9708017870;S
20240228;101525;3171;14;9708017871;S
20240228;101526;3171.5;1;9708018192;S
20240228;101526;3171.5;32;9708018309;S
20240228;101527;3171.5;45;9708018417;S
20240228;101527;3172;4;9708018546;B
20240228;101527;3172;2;9708018547;B
20240228;101527;3172;4;9708018548;B
20240228;101529;3171.5;1;9708018954;S
20240228;101530;3171;11;9708019272;S
20240228;101532;3172;1;9708019931;B
20240228;101534;3171.5;10;9708020220;S
20240228;101537;3172;1;9708020701;B
20240228;101537;3172;3;9708020838;S
20240228;101538;3172;25;9708020942;S
20240228;101540;3172;20;9708021308;S
20240228;101540;3172;1;9708021316;S
20240228;101540;3171.5;90;9708021317;S
20240228;101546;3171.5;1;9708022750;S
20240228;101546;3171.5;5;9708022751;S
20240228;101547;3171.5;1;9708022930;B
20240228;101548;3171.5;3;9708023241;B
20240228;101549;3173;3;9708023332;B
20240228;101549;3173;3;9708023333;B
20240228;101549;3171.5;6;9708023337;S
20240228;101556;3171.5;4;9708025365;S
20240228;101556;3171.5;30;9708025366;S
20240228;101557;3171.5;1;9708025604;B
20240228;101558;3171.5;1;9708025842;B
20240228;101600;3171;1;9708026341;S
20240228;101601;3171.5;1;9708026401;B
20240228;101603;3171.5;1;9708026851;B
20240228;101603;3171;1;9708026886;S
20240228;101603;3171.5;12;9708026961;B
20240228;101609;3171.5;10;9708028175;S
20240228;101609;3171.5;32;9708028176;S
20240228;101609;3171.5;3;9708028303;S
20240228;101611;3171.5;1;9708028722;S
20240228;101611;3172;1;9708028881;B
20240228;101622;3172;5;9708031034;S
20240228;101622;3171.5;33;9708031035;S
20240228;101623;3172.5;1;9708031055;B
20240228;101623;3172;5;9708031190;S
20240228;101623;3172;45;9708031210;S
20240228;101623;3172;12;9708031211;S
20240228;101624;3171.5;10;9708031264;S
20240228;101624;3172;1;9708031291;B
20240228;101625;3172;1;9708031512;B
20240228;101625;3172;40;9708031522;B
20240228;101626;3171.5;6;9708031747;S
20240228;101627;3171.5;51;9708031895;S
20240228;101627;3171.5;50;9708031896;S
20240228;101627;3171.5;1;9708031897;S
20240228;101628;3171.5;4;9708032115;B
20240228;101628;3171.5;5;9708032231;B
20240228;101631;3171.5;2;9708032778;B
20240228;101631;3171.5;25;9708032886;B
20240228;101634;3171;8;9708033374;S
20240228;101634;3171;161;9708033413;S
20240228;101634;3171;89;9708033414;S
20240228;101634;3171;10;9708033462;S
20240228;101634;3171;51;9708033463;S
20240228;101634;3171;1;9708033464;S
20240228;101634;3171;2;9708033465;S
20240228;101634;3171;30;9708033466;S
20240228;101634;3171;20;9708033467;S
20240228;101634;3170.5;10;9708033468;S
20240228;101634;3170.5;1;9708033469;S
20240228;101634;3170.5;3;9708033470;S
20240228;101634;3170.5;1;9708033471;S
20240228;101634;3170.5;1;9708033472;S
20240228;101634;3170.5;1;9708033473;S
20240228;101634;3170.5;1;9708033474;S
20240228;101634;3170.5;4;9708033475;S
20240228;101634;3170.5;10;9708033476;S
20240228;101634;3170.5;1;9708033477;S
20240228;101634;3170.5;1;9708033478;S
20240228;101638;3171;5;9708034233;B
20240228;101640;3170.5;4;9708034546;S
20240228;101640;3170.5;1;9708034565;S
20240228;101641;3171;6;9708034679;S
20240228;101643;3171.5;10;9708035063;B
20240228;101646;3172;401;9708035708;B
20240228;101646;3172;15;9708035709;B
20240228;101646;3172;3;9708035710;B
20240228;101646;3172;11;9708035711;B
20240228;101646;3172.5;12;9708035712;B
20240228;101647;3172.5;55;9708035847;S
20240228;101647;3173;25;9708035883;B
20240228;101647;3173;262;9708035907;B
20240228;101648;3172.5;1;9708035956;S
20240228;101648;3173;8;9708035974;B
20240228;101648;3173;25;9708035992;B
20240228;101651;3173;2;9708036587;B
20240228;101701;3172.5;2;9708038159;S
20240228;101702;3173;1;9708038380;B
20240228;101702;3172.5;2;9708038385;S
20240228;101703;3173;1;9708038491;B
20240228;101711;3173;82;9708039863;B
20240228;101711;3173;10;9708039864;B
20240228;101711;3173;4;9708039865;B
20240228;101711;3173;32;9708039866;B
20240228;101711;3173.5;12;9708039867;B
20240228;101711;3173.5;10;9708039868;B
20240228;101711;3174;5;9708039869;B
20240228;101715;3175;25;9708040660;B
20240228;101715;3175;5;9708040903;B
20240228;101715;3175;1;9708040904;B
20240228;101715;3175;7;9708040905;B
20240228;101720;3174.5;1;9708042162;S
20240228;101728;3175;3;9708044312;B
20240228;101728;3175;1;9708044313;B
20240228;101728;3175;9;9708044439;B
20240228;101730;3175.5;1;9708044748;B
20240228;101734;3175.5;8;9708045292;B
20240228;101741;3176;1;9708046626;B
20240228;101741;3176;21;9708046627;B
20240228;101743;3177;78;9708046897;B
20240228;101748;3177.5;1;9708047576;B
20240228;101748;3177;1;9708047628;S
20240228;101749;3177.5;11;9708047854;B
20240228;101749;3177.5;12;9708047855;B
20240228;101749;3177.5;25;9708047856;B
20240228;101749;3177.5;78;9708047857;B
20240228;101751;3178;23;9708048273;B
20240228;101751;3178;111;9708048291;B
20240228;101751;3178;4;9708048292;B
20240228;101751;3178;10;9708048293;B
20240228;101751;3178;25;9708048294;B
20240228;101751;3178;10;9708048295;B
20240228;101752;3178.5;2;9708048498;B
20240228;101752;3178.5;3;9708048505;B
20240228;101752;3178.5;1;9708048521;B
20240228;101752;3179;10;9708048522;B
20240228;101753;3179;4;9708048549;B
20240228;101753;3179;50;9708048590;B
20240228;101753;3179.5;1;9708048707;B
20240228;101753;3179.5;5;9708048708;B
20240228;101753;3179.5;4;9708048709;B
20240228;101757;3179;24;9708049243;B
20240228;101759;3179;1;9708049696;B
20240228;101759;3179;30;9708049697;B
20240228;101800;3179;12;9708049833;B
20240228;101800;3179;5;9708049834;B
20240228;101800;3179.5;40;9708049835;B
20240228;101800;3179.5;13;9708049836;B
20240228;101802;3179.5;12;9708050815;B
20240228;101802;3179.5;78;9708050816;B
20240228;101802;3179.5;12;9708050817;B
20240228;101802;3180;13;9708050818;B
20240228;101802;3180;14;9708050819;B
20240228;101802;3180;1;9708050820;B
20240228;101802;3180;1;9708050821;B
20240228;101802;3180;21;9708050822;B
20240228;101802;3180;40;9708050823;B
20240228;101802;3180;10;9708050824;B
20240228;101802;3180;5;9708050825;B
20240228;101802;3180;1;9708050826;B
20240228;101802;3180;5;9708050827;B
20240228;101802;3180;10;9708050828;B
20240228;101802;3180;15;9708050829;B
20240228;101802;3180;25;9708050830;B
20240228;101802;3180;1;9708050831;B
20240228;101803;3180.5;3;9708051060;B
20240228;101803;3180.5;17;9708051061;B
20240228;101803;3180;20;9708051066;S
20240228;101804;3180;7;9708051258;S
20240228;101805;3180.5;7;9708051345;B
20240228;101805;3181;23;9708051346;B
20240228;101805;3181;1;9708051347;B
20240228;101805;3181;1;9708051348;B
20240228;101805;3181;12;9708051349;B
20240228;101807;3181.5;1;9708051824;B
20240228;101808;3181;15;9708051950;S
20240228;101809;3181.5;77;9708051993;B
20240228;101810;3181.5;10;9708052311;B
20240228;101811;3181.5;1;9708052589;S
20240228;101812;3181;1;9708052721;S
20240228;101812;3181;1;9708052762;S
20240228;101813;3181.5;12;9708052869;B
20240228;101813;3181.5;2;9708052870;B
20240228;101813;3181.5;6;9708052871;S
20240228;101814;3182;1;9708053054;B
20240228;101814;3182;1;9708053055;B
20240228;101814;3182;10;9708053056;B
20240228;101814;3182;25;9708053057;B
20240228;101814;3182;25;9708053058;B
20240228;101814;3182;78;9708053059;B
20240228;101814;3182;18;9708053060;B
20240228;101814;3182.5;12;9708053061;B
20240228;101814;3183;80;9708053062;B
20240228;101814;3181.5;1;9708053157;B
20240228;101814;3181.5;20;9708053159;B
20240228;101815;3181;14;9708053249;S
20240228;101815;3181;3;9708053250;S
20240228;101815;3180.5;13;9708053251;S
20240228;101815;3181;1;9708053275;S
20240228;101816;3181.5;1;9708053425;B
20240228;101816;3181.5;7;9708053448;B
20240228;101818;3181.5;1;9708053617;B
20240228;101818;3182;5;9708053618;B
20240228;101818;3182;12;9708053619;B
20240228;101822;3182;7;9708054282;B
20240228;101822;3181.5;3;9708054308;S
20240228;101823;3181;1;9708054412;S
20240228;101825;3182;12;9708054782;B
20240228;101825;3182.5;78;9708054783;B
20240228;101825;3182.5;13;9708054784;B
20240228;101825;3183;775;9708054785;B
20240228;101825;3183;1;9708054786;B
20240228;101825;3183;3;9708054787;B
20240228;101825;3183.5;4;9708054788;B
20240228;101825;3183.5;30;9708054789;B
20240228;101825;3183.5;25;9708054790;B
20240228;101825;3184;1;9708054791;B
20240228;101825;3184;1000;9708054792;B
20240228;101825;3184;4;9708054793;B
20240228;101825;3184;8;9708054794;B
20240228;101825;3184;10;9708054795;B
20240228;101825;3184.5;1;9708054796;B
20240228;101825;3184.5;30;9708054797;B
20240228;101825;3185;5;9708054798;B
20240228;101826;3184;78;9708055101;B
20240228;101826;3184;12;9708055102;B
20240228;101826;3184.5;25;9708055103;B
20240228;101826;3184.5;11;9708055104;B
20240228;101826;3185;124;9708055105;B
20240228;101826;3184.5;10;9708055133;B
20240228;101826;3184.5;10;9708055135;B
20240228;101828;3185;3;9708055371;B
20240228;101830;3184.5;3;9708055600;B
20240228;101830;3185;1;9708055601;B
20240228;101833;3184;25;9708056657;S
20240228;101833;3184;5;9708056658;S
20240228;101833;3184;18;9708056659;S
20240228;101837;3184.5;1;9708057341;B
20240228;101838;3184;10;9708057501;S
20240228;101842;3184;11;9708058058;B
20240228;101842;3184.5;3;9708058059;B
20240228;101842;3184.5;6;9708058060;B
20240228;101847;3182.5;1;9708059223;S
20240228;101847;3182;5;9708059224;S
20240228;101849;3183.5;1;9708059662;B
20240228;101853;3183.5;2;9708060541;B
20240228;101853;3183.5;4;9708060542;B
20240228;101853;3183.5;11;9708060543;B
20240228;101853;3183.5;5;9708060544;B
20240228;101853;3183.5;33;9708060545;S
20240228;101904;3183.5;1;9708062620;B
20240228;101907;3181;5;9708063136;S
20240228;101907;3183;2;9708063174;B
20240228;101912;3181;4;9708064777;S
20240228;101912;3181;6;9708064778;S
20240228;101914;3182.5;3;9708065487;B
20240228;101915;3182.5;2;9708065741;B
20240228;101917;3182.5;4;9708066159;B
20240228;101919;3180.5;96;9708066454;S
20240228;101919;3180.5;4;9708066455;S
20240228;101931;3180.5;2;9708068232;S
20240228;101931;3180.5;4;9708068333;S
20240228;101931;3180;409;9708068334;S
20240228;101931;3180;2;9708068335;S
20240228;101931;3180;85;9708068336;S
20240228;101931;3180;15;9708068337;S
20240228;101931;3180;1;9708068338;S
20240228;101931;3180;1;9708068339;S
20240228;101931;3180;3;9708068340;S
20240228;101931;3179.5;1;9708068341;S
20240228;101931;3179;12;9708068342;S
20240228;101931;3179;3;9708068343;S
20240228;101931;3178.5;1;9708068344;S
20240228;101931;3177.5;4;9708068378;S
20240228;101932;3177;4;9708068502;S
20240228;101932;3177.5;6;9708068523;B
20240228;101932;3178.5;4;9708068524;B
20240228;101932;3178.5;2;9708068535;B
20240228;101941;3178.5;3;9708069985;B
20240228;101943;3179;6;9708070184;B
20240228;101950;3178.5;2;9708071249;B
20240228;101951;3179;3;9708071526;B
20240228;101954;3179;1;9708071888;B
20240228;101954;3179;10;9708071889;B
20240228;101954;3179;4;9708071890;B
20240228;101957;3179;15;9708072325;B
20240228;101957;3179;5;9708072326;B
20240228;102001;3178.5;1;9708073075;S
20240228;102003;3179;2;9708073407;B
20240228;102003;3179;3;9708073408;B
20240228;102003;3179;3;9708073409;B
20240228;102003;3179.5;8;9708073461;B
20240228;102006;3179;1;9708074259;S
20240228;102007;3179;10;9708074685;S
20240228;102008;3179;2;9708074941;S
20240228;102008;3179;23;9708074942;S
20240228;102009;3179;1;9708075220;S
20240228;102011;3179;1;9708075608;S
20240228;102012;3179;1;9708075629;B
20240228;102012;3179;1;9708075673;B
20240228;102012;3179;3;9708075764;B
20240228;102018;3179;1;9708077972;B
20240228;102019;3178.5;32;9708078133;S
20240228;102022;3179;14;9708079799;B
20240228;102023;3178.5;15;9708080394;S
20240228;102023;3178.5;9;9708080395;S
20240228;102023;3178.5;4;9708080396;S
20240228;102024;3178;46;9708080474;S
20240228;102024;3178;5;9708080475;S
20240228;102024;3178;1;9708080487;S
20240228;102025;3178;1;9708081353;S
20240228;102025;3178.5;10;9708081447;B
20240228;102025;3178;42;9708081452;S
20240228;102028;3179;1;9708082051;B
20240228;102030;3179;28;9708083373;B
20240228;102030;3179;10;9708083374;B
20240228;102030;3179;1;9708083375;B
20240228;102030;3179;1;9708083376;B
20240228;102030;3179;10;9708083377;B
20240228;102041;3179;9;9708086785;B
20240228;102041;3179.5;1;9708086786;B
20240228;102043;3178.5;1;9708087701;S
20240228;102047;3179;9;9708089701;B
20240228;102047;3179.5;1;9708089702;B
20240228;102047;3179.5;1;9708089703;B
20240228;102047;3179.5;6;9708089704;B
20240228;102048;3179.5;29;9708089952;B
20240228;102055;3179;1;9708092286;S
20240228;102100;3179.5;1;9708093516;B
20240228;102101;3178.5;1;9708093864;S
20240228;102101;3178.5;9;9708093865;S
20240228;102101;3178.5;8;9708093866;S
20240228;102102;3178.5;1;9708094551;S
20240228;102102;3178.5;1;9708094552;S
20240228;102102;3178.5;1;9708094608;S
20240228;102102;3178;6;9708094679;S
20240228;102104;3179;9;9708095193;B
20240228;102109;3178.5;3;9708097379;S
20240228;102112;3178.5;1;9708098271;S
20240228;102112;3178.5;1;9708098272;S
20240228;102112;3178;7;9708098366;S
20240228;102112;3178;8;9708098367;S
20240228;102112;3178;7;9708098368;S
20240228;102115;3178;9;9708099941;S
20240228;102118;3178;11;9708101595;S
20240228;102118;3178;7;9708101597;S
20240228;102118;3178;5;9708101598;S
20240228;102118;3178;6;9708101599;S
20240228;102118;3178.5;1;9708101721;B
20240228;102120;3178;1;9708102067;S
20240228;102122;3178.5;1;9708102340;B
20240228;102125;3179;1;9708102954;B
20240228;102125;3179;2;9708102955;B
20240228;102135;3178;5;9708106187;S
20240228;102139;3178;1;9708108327;S
20240228;102143;3178;5;9708109050;S
20240228;102146;3178.5;2;9708109974;B
20240228;102147;3178.5;4;9708111007;B
20240228;102147;3178.5;1;9708111046;B
20240228;102148;3178;5;9708111176;S
20240228;102148;3178;6;9708111177;S
20240228;102148;3178;9;9708111178;S
20240228;102151;3178;1;9708111835;B
20240228;102201;3178.5;1;9708115110;B
20240228;102202;3178.5;1;9708115615;B
20240228;102203;3178.5;1;9708116126;B
20240228;102204;3178.5;1;9708116312;B
20240228;102207;3178.5;9;9708117331;B
20240228;102207;3179;18;9708117332;B
20240228;102212;3179;1;9708119100;B
20240228;102224;3179;1;9708122306;B
20240228;102228;3179;1;9708123876;B
20240228;102228;3179.5;14;9708123877;B
20240228;102228;3179.5;1;9708123878;B
20240228;102228;3179.5;1;9708123879;B
20240228;102228;3179.5;1;9708123880;B
20240228;102228;3179.5;5;9708123881;B
20240228;102228;3179.5;1;9708123882;B
20240228;102228;3179.5;2;9708123883;B
20240228;102228;3179.5;78;9708123884;B
20240228;102228;3180;6;9708123885;B
20240228;102228;3180;10;9708123886;B
20240228;102228;3180;330;9708123887;B
20240228;102238;3179;5;9708127687;B
20240228;102238;3179;7;9708127688;B
20240228;102240;3179;1;9708128634;B
20240228;102242;3179;3;9708129219;B
20240228;102243;3178;1;9708130165;S
20240228;102247;3177.5;1;9708132168;S
20240228;102248;3176.5;4;9708132436;S
20240228;102248;3178;1;9708132584;B
20240228;102253;3177.5;1;9708134557;S
20240228;102253;3178;3;9708134982;B
20240228;102259;3179;1;9708136897;B
20240228;102259;3179;1;9708136898;B
20240228;102308;3178.5;1;9708140679;S
20240228;102310;3179;13;9708141730;B
20240228;102310;3179;2;9708142131;B
20240228;102317;3179;3;9708145885;B
20240228;102318;3178.5;3;9708146245;S
20240228;102318;3178.5;2;9708146246;S
20240228;102318;3178.5;4;9708146247;S
20240228;102318;3178.5;8;9708146248;S
20240228;102318;3178.5;3;9708146249;S
20240228;102318;3178.5;3;9708146250;S
20240228;102320;3178.5;1;9708146796;B
20240228;102321;3178.5;50;9708147103;B
20240228;102322;3178.5;4;9708147195;B
20240228;102322;3178;5;9708147207;S
20240228;102323;3178.5;2;9708147653;B
20240228;102324;3178.5;1;9708147774;B
20240228;102325;3178.5;4;9708147948;B
20240228;102325;3178.5;1;9708148008;B
20240228;102325;3178.5;3;9708148048;B
20240228;102325;3178.5;3;9708148053;B
20240228;102326;3178.5;3;9708148733;B
20240228;102326;3178.5;3;9708148745;B
20240228;102327;3178;3;9708149320;S
20240228;102327;3178;3;9708149392;S
20240228;102327;3178.5;2;9708149465;B
20240228;102331;3178.5;2;9708150629;S
20240228;102331;3178.5;3;9708150630;S
20240228;102331;3178.5;4;9708150631;S
20240228;102331;3178.5;3;9708150632;S
20240228;102331;3178.5;3;9708150633;S
20240228;102331;3178.5;2;9708150634;S
20240228;102331;3178.5;3;9708150681;B
20240228;102331;3178.5;2;9708150785;B
20240228;102332;3178.5;1;9708150876;B
20240228;102332;3178.5;2;9708150887;B
20240228;102332;3178.5;2;9708150890;B
20240228;102332;3178.5;4;9708150910;B
20240228;102332;3178;1;9708150925;S
20240228;102334;3178;5;9708151521;S
20240228;102336;3178.5;1;9708151840;B
20240228;102338;3178.5;1;9708152462;B
20240228;102343;3178;2;9708154469;S
20240228;102344;3178;15;9708154808;S
20240228;102346;3178;10;9708155156;S
20240228;102348;3178;5;9708155402;S
20240228;102350;3178;3;9708157031;S
20240228;102351;3178.5;1;9708157114;B
20240228;102351;3178;2;9708157132;S
20240228;102351;3178;3;9708157133;S
20240228;102351;3178.5;1;9708157180;B
20240228;102352;3178;1;9708157275;S
20240228;102352;3178;2;9708157303;B
20240228;102352;3178;3;9708157361;B
20240228;102353;3178;2;9708157550;B
20240228;102353;3178;3;9708157574;B
20240228;102353;3178;3;9708157575;B
20240228;102353;3178;5;9708157579;B
20240228;102353;3178;1;9708157580;B
20240228;102353;3178;4;9708157738;B
20240228;102353;3178;1;9708157739;B
20240228;102357;3178;1;9708158520;S
20240228;102357;3178;4;9708158521;S
20240228;102357;3178;2;9708158522;S
20240228;102358;3178;68;9708158659;B
20240228;102358;3178.5;7;9708158660;B
20240228;102358;3179;25;9708158661;B
20240228;102358;3179;5;9708159578;B
20240228;102358;3179;10;9708159579;B
20240228;102358;3179.5;1;9708159580;B
20240228;102358;3179.5;1;9708159581;B
20240228;102358;3179.5;1;9708159582;B
20240228;102358;3179.5;103;9708159583;B
20240228;102358;3180;6;9708159584;B
20240228;102402;3178;1;9708160445;S
20240228;102408;3178;1;9708162625;S
20240228;102414;3179;2;9708166148;B
20240228;102417;3179;2;9708167861;B
20240228;102419;3178;1;9708168592;S
20240228;102430;3178;13;9708173567;S
20240228;102437;3178;2;9708176476;S
20240228;102437;3178;8;9708176477;S
20240228;102440;3178;5;9708177599;S
20240228;102441;3178;1;9708178300;S
20240228;102444;3178;29;9708179006;S
20240228;102444;3178;3;9708179007;S
20240228;102444;3178;2;9708179008;S
20240228;102444;3178;3;9708179009;S
20240228;102444;3178;2;9708179010;S
20240228;102444;3178;2;9708179011;S
20240228;102444;3178;4;9708179012;S
20240228;102444;3178;3;9708179013;S
20240228;102444;3178;3;9708179014;S
20240228;102445;3177.5;3;9708179731;S
20240228;102445;3177.5;1;9708179732;S
20240228;102445;3177.5;4;9708179764;B
20240228;102445;3177.5;1;9708179765;S
20240228;102445;3177.5;4;9708179778;S
20240228;102445;3177.5;1;9708179779;S
20240228;102445;3177.5;4;9708179788;S
20240228;102445;3178;2;9708179879;B
20240228;102446;3178;3;9708180516;B
20240228;102446;3177.5;1;9708180605;S
20240228;102446;3177.5;2;9708180606;S
20240228;102447;3177.5;2;9708180785;S
20240228;102447;3177.5;1;9708180786;S
20240228;102447;3177.5;2;9708180822;B
20240228;102447;3177.5;2;9708180823;B
20240228;102447;3177.5;1;9708180824;B
20240228;102451;3178;4;9708182394;B
20240228;102451;3177.5;1;9708182395;S
20240228;102451;3177.5;1;9708182396;S
20240228;102451;3177.5;1;9708182397;S
20240228;102452;3178;1;9708182499;B
20240228;102452;3178;1;9708182500;B
20240228;102452;3178;4;9708182501;B
20240228;102454;3177.5;1;9708183128;S
20240228;102457;3177.5;1;9708184028;S
20240228;102457;3177.5;1;9708184029;S
20240228;102504;3178.5;5;9708186295;B
20240228;102504;3178.5;8;9708186296;B
20240228;102504;3179;3;9708186297;B
20240228;102504;3179;12;9708186298;B
20240228;102504;3179.5;1;9708186299;B
20240228;102504;3179.5;1;9708186300;B
20240228;102504;3179.5;1;9708186301;B
20240228;102504;3179.5;25;9708186302;B
20240228;102504;3179.5;77;9708186303;B
20240228;102504;3180;22;9708186304;B
20240228;102510;3179.5;1;9708187741;B
20240228;102517;3179.5;24;9708190084;B
20240228;102517;3179.5;1;9708190085;B
20240228;102517;3179.5;1;9708190086;B
20240228;102517;3179.5;8;9708190087;B
20240228;102517;3180;66;9708190088;B
20240228;102519;3179.5;1;9708190635;B
20240228;102529;3179;2;9708193588;B
20240228;102531;3179;3;9708194113;B
20240228;102538;3178.5;1;9708196661;S
20240228;102549;3178.5;14;9708199926;S
20240228;102549;3178;2;9708199927;S
20240228;102549;3178;3;9708199928;S
20240228;102549;3178;1;9708199929;S
20240228;102559;3178.5;1;9708201429;B
20240228;102601;3178;1;9708201604;S
20240228;102601;3178;2;9708201605;S
20240228;102601;3178;1;9708201606;S
20240228;102601;3178.5;1;9708201717;B
20240228;102605;3178;2;9708202175;S
20240228;102605;3178;4;9708202176;S
20240228;102605;3178;5;9708202177;S
20240228;102605;3178;3;9708202178;S
20240228;102605;3178;4;9708202179;S
20240228;102605;3178;2;9708202180;S
20240228;102605;3178;5;9708202181;S
20240228;102605;3178;14;9708202182;S
20240228;102605;3178;4;9708202183;S
20240228;102605;3178;3;9708202184;S
20240228;102605;3178;4;9708202185;S
20240228;102605;3178;1;9708202186;S
20240228;102605;3178;4;9708202187;S
20240228;102605;3178;6;9708202188;S
20240228;102605;3178;21;9708202189;S
20240228;102605;3178;18;9708202190;S
20240228;102605;3178;4;9708202191;S
20240228;102605;3177.5;3;9708202192;S
20240228;102605;3177.5;8;9708202193;S
20240228;102605;3177;5;9708202194;S
20240228;102605;3176;10;9708202195;S
20240228;102605;3176;11;9708202196;S
20240228;102605;3176;32;9708202197;S
20240228;102605;3175.5;77;9708202198;S
20240228;102605;3177;4;9708202205;B
20240228;102606;3177;2;9708202314;B
20240228;102610;3177;1;9708202801;S
20240228;102610;3176.5;7;9708202802;S
20240228;102610;3176;30;9708202803;S
20240228;102621;3175.5;83;9708204381;S
20240228;102621;3175.5;1;9708204382;S
20240228;102621;3175.5;10;9708204383;S
20240228;102621;3175.5;2;9708204384;S
20240228;102624;3176;7;9708204744;B
20240228;102624;3176.5;25;9708204745;B
20240228;102624;3177;5;9708204746;B
20240228;102624;3177;2;9708204747;B
20240228;102632;3175.5;2;9708206022;S
20240228;102632;3175.5;1;9708206023;S
20240228;102633;3176.5;7;9708206134;B
20240228;102649;3175.5;1;9708208189;S
20240228;102649;3175.5;1;9708208190;S
20240228;102649;3175.5;2;9708208191;S
20240228;102649;3175.5;2;9708208192;S
20240228;102649;3175.5;2;9708208193;S
20240228;102649;3175.5;2;9708208194;S
20240228;102649;3175.5;4;9708208195;S
20240228;102649;3175.5;5;9708208196;S
20240228;102649;3175.5;1;9708208197;S
20240228;102649;3175.5;2;9708208198;S
20240228;102649;3175.5;2;9708208200;B
20240228;102649;3175.5;2;9708208209;B
20240228;102649;3175.5;2;9708208219;B
20240228;102649;3175.5;2;9708208225;B
20240228;102649;3175.5;1;9708208228;B
20240228;102653;3175;3;9708208853;S
20240228;102653;3175;5;9708208854;S
20240228;102653;3175;5;9708208855;S
20240228;102653;3175;10;9708208856;S
20240228;102653;3175;3;9708208857;S
20240228;102653;3175;9;9708208858;S
20240228;102653;3175;2;9708208870;S
20240228;102653;3175;5;9708208871;S
20240228;102653;3174.5;5;9708208872;S
20240228;102653;3174;3;9708208873;S
20240228;102653;3173.5;2;9708208892;S
20240228;102659;3173.5;1;9708209996;S
20240228;102702;3173.5;5;9708210349;S
20240228;102705;3174;1;9708210908;B
20240228;102713;3175;10;9708212602;B
20240228;102716;3173.5;1;9708213345;S
20240228;102718;3173.5;2;9708213844;S
20240228;102719;3174;1;9708214354;B
20240228;102719;3174;3;9708214355;B
20240228;102722;3173.5;10;9708215052;S
20240228;102723;3173.5;10;9708215397;S
20240228;102724;3173.5;25;9708215599;S
20240228;102725;3174;2;9708216106;B
20240228;102730;3173.5;1;9708217618;S
20240228;102740;3174;100;9708220311;B
20240228;102740;3174;5;9708220671;B
20240228;102740;3173.5;43;9708220674;S
20240228;102740;3173.5;8;9708220675;S
20240228;102744;3174;2;9708221587;B
20240228;102745;3173.5;4;9708221854;S
20240228;102745;3174;2;9708221870;B
20240228;102746;3173.5;2;9708221889;S
20240228;102748;3174;1;9708222408;B
20240228;102749;3173.5;1;9708222643;S
20240228;102749;3173.5;1;9708222644;S
20240228;102749;3173.5;3;9708222645;S
20240228;102752;3173.5;1;9708223253;S
20240228;102753;3174;10;9708223569;B
20240228;102753;3173.5;1;9708223749;S
20240228;102756;3173.5;3;9708224430;S
20240228;102759;3173.5;1;9708225065;S
20240228;102759;3173.5;8;9708225066;S
20240228;102759;3173.5;2;9708225067;S
20240228;102759;3173.5;4;9708225068;S
20240228;102759;3173.5;5;9708225069;S
20240228;102759;3173.5;2;9708225070;S
20240228;102759;3173.5;2;9708225071;S
20240228;102759;3173.5;3;9708225072;S
20240228;102759;3173.5;2;9708225073;S
20240228;102759;3173.5;4;9708225074;S
20240228;102759;3173.5;9;9708225075;S
20240228;102759;3173.5;2;9708225076;S
20240228;102759;3173.5;2;9708225077;S
20240228;102759;3173.5;3;9708225078;S
20240228;102759;3173.5;1;9708225079;S
20240228;102759;3173.5;2;9708225080;S
20240228;102759;3173.5;2;9708225081;S
20240228;102759;3173.5;2;9708225082;S
20240228;102759;3173.5;2;9708225083;S
20240228;102759;3173.5;3;9708225084;S
20240228;102759;3173.5;2;9708225085;S
20240228;102759;3173.5;2;9708225086;S
20240228;102759;3173.5;2;9708225087;S
20240228;102759;3173.5;1;9708225088;S
20240228;102759;3173.5;7;9708225089;S
20240228;102759;3173.5;2;9708225090;S
20240228;102759;3173.5;3;9708225091;S
20240228;102759;3173.5;1;9708225092;S
20240228;102759;3173.5;1;9708225093;S
20240228;102759;3173.5;2;9708225094;S
20240228;102759;3173.5;6;9708225095;S
20240228;102759;3173.5;3;9708225096;S
20240228;102759;3173.5;9;9708225097;S
20240228;102759;3173.5;3;9708225098;S
20240228;102759;3173.5;2;9708225099;S
20240228;102759;3173.5;2;9708225100;S
20240228;102759;3173.5;5;9708225101;S
20240228;102759;3173.5;1;9708225102;S
20240228;102759;3173.5;2;9708225103;S
20240228;102759;3173.5;1;9708225104;S
20240228;102759;3173.5;1;9708225105;S
20240228;102759;3173.5;11;9708225106;S
20240228;102759;3173.5;1;9708225107;S
20240228;102759;3173.5;2;9708225108;S
20240228;102759;3173.5;14;9708225109;S
20240228;102800;3173.5;1;9708225410;S
20240228;102800;3173.5;2;9708225411;S
20240228;102800;3173.5;3;9708225412;S
20240228;102800;3173.5;1;9708225413;S
20240228;102800;3173.5;2;9708225414;S
20240228;102800;3173.5;1;9708225415;S
20240228;102801;3173.5;1;9708225750;S
20240228;102804;3173.5;2;9708226115;S
20240228;102804;3173.5;2;9708226116;S
20240228;102805;3173.5;8;9708226348;S
20240228;102805;3173.5;2;9708226349;S
20240228;102805;3173.5;4;9708226350;S
20240228;102805;3173.5;2;9708226351;S
20240228;102805;3173.5;5;9708226352;S
20240228;102808;3173.5;10;9708226704;B
20240228;102808;3173.5;2;9708226730;B
20240228;102808;3173.5;1;9708226795;B
20240228;102809;3173;20;9708226817;S
20240228;102809;3173.5;2;9708226835;B
20240228;102810;3173.5;3;9708226965;B
20240228;102810;3173.5;4;9708227005;B
20240228;102810;3173.5;2;9708227006;B
20240228;102811;3173;5;9708227093;S
20240228;102812;3173;5;9708227151;S
20240228;102812;3173.5;5;9708227195;B
20240228;102812;3173.5;1;9708227196;B
20240228;102812;3173.5;2;9708227200;B
20240228;102812;3173.5;2;9708227205;B
20240228;102813;3173.5;1;9708227324;S
20240228;102816;3174;4;9708227759;B
20240228;102816;3173.5;1;9708227770;S
20240228;102828;3174;47;9708229372;B
20240228;102828;3174;1;9708229373;B
20240228;102828;3174;22;9708229374;B
20240228;102828;3174;1;9708229375;B
20240228;102848;3175;1;9708232400;B
20240228;102850;3175;1;9708232773;B
20240228;102851;3174.5;1;9708232928;S
20240228;102852;3174.5;3;9708233028;S
20240228;102856;3174.5;1;9708233526;S
20240228;102901;3175;3;9708234199;B
20240228;102907;3175;20;9708235046;B
20240228;102907;3175;1;9708235047;B
20240228;102907;3175;8;9708235048;B
20240228;102908;3175;2;9708235074;B
20240228;102908;3175;23;9708235075;B
20240228;102909;3174.5;1;9708235230;S
20240228;102909;3175;8;9708235307;B
20240228;102911;3174.5;1;9708235625;S
20240228;102914;3174.5;1;9708235894;S
20240228;102914;3174.5;1;9708235902;S
20240228;102914;3174.5;1;9708235920;S
20240228;102914;3174.5;1;9708235930;S
20240228;102914;3174.5;1;9708235955;S
20240228;102914;3175;19;9708235956;B
20240228;102914;3175;1;9708235958;S
20240228;102914;3175;1;9708235966;S
20240228;102916;3174.5;13;9708236301;S
20240228;102916;3174.5;14;9708236302;S
20240228;102922;3175.5;1;9708236959;B
20240228;102926;3175;1;9708237418;S
20240228;102926;3175;15;9708237419;S
20240228;102928;3175.5;1;9708237645;B
20240228;102931;3175;7;9708238070;S
20240228;102937;3175;3;9708238782;S
20240228;102937;3175;1;9708238783;S
20240228;102937;3175;10;9708238784;S
20240228;102939;3175;40;9708239003;S
20240228;102939;3175;1;9708239004;S
20240228;102939;3174;1;9708239005;S
20240228;102939;3174;8;9708239006;S
20240228;102941;3175;15;9708239372;B
20240228;102955;3175;37;9708240844;B
20240228;102958;3174.5;3;9708241159;S
20240228;102958;3174;4;9708241160;S
20240228;103001;3174;1;9708241450;S
20240228;103006;3174;2;9708241947;S
20240228;103009;3175;14;9708242285;B
20240228;103009;3175;1;9708242389;B
20240228;103014;3175;16;9708242922;B
20240228;103015;3175;1;9708243044;B
20240228;103015;3174.5;20;9708243122;S
20240228;103018;3174.5;30;9708243340;S
20240228;103020;3175;1;9708243574;B
20240228;103020;3175;1;9708243602;B
20240228;103022;3174.5;2;9708243826;S
20240228;103026;3175;1;9708244285;B
20240228;103030;3175;1;9708244805;B
20240228;103032;3175;8;9708244948;B
20240228;103033;3175;5;9708245088;B
20240228;103033;3175;1;9708245089;B
20240228;103042;3175;1;9708245959;B
20240228;103042;3175;11;9708245960;B
20240228;103048;3175;5;9708246682;B
20240228;103049;3175;5;9708246829;B
20240228;103056;3175;5;9708247548;B
20240228;103056;3175;4;9708247580;B
20240228;103056;3175;96;9708247581;B
20240228;103058;3175;2;9708247796;B
20240228;103059;3175;1;9708247911;B
20240228;103100;3175;7;9708247988;B
20240228;103100;3175;3;9708247989;B
20240228;103103;3175;9;9708248305;B
20240228;103107;3175;40;9708248655;B
20240228;103108;3175;1;9708248715;B
20240228;103109;3175;1;9708248843;B
20240228;103110;3174.5;4;9708248981;S
20240228;103111;3175;5;9708249043;B
20240228;103117;3175;15;9708249546;B
20240228;103117;3175;1;9708249565;B
20240228;103118;3174.5;4;9708249658;S
20240228;103122;3175;18;9708250102;B
20240228;103125;3174.5;1;9708250390;S
20240228;103129;3174.5;4;9708250694;S
20240228;103132;3174.5;1;9708250915;S
20240228;103134;3175;7;9708251060;B
20240228;103134;3175;5;9708251061;B
20240228;103134;3175;2;9708251062;B
20240228;103134;3175;3;9708251063;B
20240228;103134;3175;2;9708251064;B
20240228;103134;3175;24;9708251065;B
20240228;103134;3175;8;9708251076;B
20240228;103135;3175;3;9708251128;B
20240228;103135;3175;3;9708251145;B
20240228;103136;3175;4;9708251200;B
20240228;103136;3175;2;9708251201;B
20240228;103136;3175;2;9708251202;B
20240228;103136;3175;2;9708251203;B
20240228;103136;3175;2;9708251262;B
20240228;103136;3175;1;9708251263;B
20240228;103136;3175;3;9708251264;B
20240228;103136;3175;2;9708251267;B
20240228;103136;3175;2;9708251269;B
20240228;103136;3175;1;9708251272;B
20240228;103136;3175;7;9708251273;B
20240228;103136;3175;4;9708251274;B
20240228;103136;3175;2;9708251280;B
20240228;103138;3175;10;9708251381;B
20240228;103138;3175;11;9708251413;B
20240228;103138;3175;6;9708251414;B
20240228;103138;3175;8;9708251415;B
20240228;103138;3175;10;9708251418;B
20240228;103138;3175;17;9708251419;B
20240228;103138;3175;6;9708251423;B
20240228;103138;3175;12;9708251425;B
20240228;103138;3175;71;9708251426;B
20240228;103138;3175;3;9708251427;B
20240228;103138;3175;166;9708251481;B
20240228;103138;3175;1;9708251483;B
20240228;103138;3175;3;9708251484;B
20240228;103138;3175;2;9708251487;B
20240228;103138;3175;4;9708251488;B
20240228;103138;3175;1;9708251490;B
20240228;103139;3175;5;9708251501;B
20240228;103139;3175;12;9708251504;B
20240228;103139;3175;4;9708251543;B
20240228;103139;3174.5;1;9708251549;S
20240228;103140;3175;29;9708251572;B
20240228;103140;3175;30;9708251573;B
20240228;103140;3175;5;9708251574;B
20240228;103140;3175;13;9708251603;B
20240228;103140;3175;2;9708251605;B
20240228;103140;3175;1;9708251607;B
20240228;103140;3175;4;9708251608;B
20240228;103140;3175;4;9708251609;B
20240228;103140;3175;1;9708251610;B
20240228;103140;3175;3;9708251612;B
20240228;103140;3175;2;9708251614;B
20240228;103140;3175;2;9708251615;B
20240228;103140;3175;2;9708251617;B
20240228;103140;3175;8;9708251618;B
20240228;103140;3175;2;9708251628;B
20240228;103141;3175;1;9708251659;B
20240228;103141;3175;2;9708251662;B
20240228;103141;3175;2;9708251663;B
20240228;103141;3175;2;9708251664;B
20240228;103141;3175;2;9708251665;B
20240228;103141;3175;2;9708251666;B
20240228;103141;3175;6;9708251712;B
20240228;103142;3175;2;9708251763;B
20240228;103142;3175;8;9708251766;B
20240228;103142;3175;2;9708251768;B
20240228;103142;3175;2;9708251812;B
20240228;103143;3175;2;9708251814;B
20240228;103143;3175;7;9708251815;B
20240228;103143;3175;2;9708251816;B
20240228;103143;3175;2;9708251817;B
20240228;103143;3175;2;9708251818;B
20240228;103143;3175;5;9708251819;B
20240228;103143;3175;2;9708251822;B
20240228;103143;3175;32;9708251823;B
20240228;103143;3175;8;9708251824;B
20240228;103143;3175;2;9708251825;B
20240228;103143;3175;8;9708251874;B
20240228;103143;3175;2;9708251875;B
20240228;103143;3175;4;9708251876;B
20240228;103145;3174.5;1;9708252252;S
20240228;103146;3175;1;9708252340;B
20240228;103150;3174.5;1;9708252799;S
20240228;103151;3174.5;1;9708252833;S
20240228;103155;3175;191;9708253172;B
20240228;103155;3175;1;9708253173;B
20240228;103155;3175;8;9708253174;B
20240228;103155;3174.5;2;9708253267;S
20240228;103156;3175;12;9708253359;B
20240228;103157;3175;1;9708253431;B
20240228;103157;3174.5;98;9708253466;S
20240228;103157;3174.5;2;9708253467;S
20240228;103158;3174.5;1;9708253490;S
20240228;103200;3174.5;1;9708253614;S
20240228;103200;3174.5;1;9708253615;S
20240228;103200;3174.5;1;9708253616;S
20240228;103200;3174.5;6;9708253617;S
20240228;103200;3174.5;3;9708253618;S
20240228;103200;3174.5;2;9708253619;S
20240228;103200;3174.5;5;9708253620;S
20240228;103200;3174.5;6;9708253621;S
20240228;103200;3173.5;5;9708253696;S
20240228;103200;3173.5;8;9708253697;S
20240228;103200;3173;5;9708253698;S
20240228;103200;3173;2;9708253699;S
20240228;103200;3173;32;9708253700;S
20240228;103201;3173;1;9708253728;B
20240228;103202;3172.5;2;9708253787;S
20240228;103202;3172.5;25;9708253788;S
20240228;103202;3172.5;1;9708253789;S
20240228;103202;3172;5;9708253790;S
20240228;103202;3172;5;9708253791;S
20240228;103202;3172;40;9708253792;S
20240228;103202;3172;12;9708253793;S
20240228;103202;3172;8;9708253819;S
20240228;103202;3172;3;9708253820;S
20240228;103206;3172.5;1;9708254108;S
20240228;103206;3172.5;1;9708254112;S
20240228;103220;3173.5;32;9708255700;B
20240228;103220;3174;40;9708255701;B
20240228;103220;3174;8;9708255702;B
20240228;103222;3174;60;9708255868;S
