<DATE>;<TIME>;<LAST>;<VOL>;<ID>;<OPER>
20240219;095945;3125.000000000;4;9636098243;B
20240219;095945;3125.000000000;2;9636098244;B
20240219;095945;3125.000000000;8;9636098245;B
20240219;095945;3125.000000000;4;9636098246;B
20240219;095945;3125.000000000;3;9636098247;B
20240219;095945;3125.000000000;10;9636098248;B
20240219;095945;3125.000000000;2;9636098249;B
20240219;095945;3125.000000000;5;9636098250;B
20240219;095945;3125.000000000;1;9636098251;B
20240219;095945;3125.000000000;4;9636098252;B
20240219;095945;3125.000000000;3;9636098253;B
20240219;095945;3125.000000000;1;9636098254;B
20240219;095945;3125.000000000;20;9636098255;S
20240219;095945;3125.000000000;5;9636098256;S
20240219;095945;3125.000000000;3;9636098257;S
20240219;095945;3125.000000000;39;9636098258;S
20240219;095945;3125.000000000;2;9636098259;S
20240219;095945;3125.000000000;8;9636098260;S
20240219;095945;3125.000000000;3;9636098261;S
20240219;095945;3125.000000000;28;9636098262;B
20240219;095945;3125.000000000;1;9636098263;B
20240219;095945;3125.000000000;1;9636098264;S
20240219;095945;3125.000000000;16;9636098265;B
20240219;095945;3125.000000000;1;9636098266;B
20240219;095945;3125.000000000;23;9636098267;B
20240219;095945;3125.000000000;2;9636098268;S
20240219;095945;3125.000000000;6;9636098269;B
20240219;095945;3125.000000000;1;9636098270;B
20240219;095945;3125.000000000;9;9636098271;B
20240219;095945;3125.000000000;4;9636098272;B
20240219;095945;3125.000000000;1;9636098273;B
20240219;095945;3125.000000000;1;9636098274;B
20240219;095945;3125.000000000;5;9636098275;S
20240219;095945;3125.000000000;1;9636098276;B
20240219;095945;3125.000000000;2;9636098277;S
20240219;095945;3125.000000000;1;9636098278;S
20240219;095945;3125.000000000;1;9636098279;S
20240219;095945;3125.000000000;1;9636098280;S
20240219;095945;3125.000000000;6;9636098281;S
20240219;095945;3125.000000000;1;9636098282;B
20240219;095945;3125.000000000;3;9636098283;S
20240219;095945;3125.000000000;1;9636098284;S
20240219;095945;3125.000000000;5;9636098285;S
20240219;095945;3125.000000000;1;9636098286;S
20240219;095945;3125.000000000;2;9636098287;S
20240219;095945;3125.000000000;1;9636098288;S
20240219;095945;3125.000000000;1;9636098289;S
20240219;095945;3125.000000000;1;9636098290;S
20240219;095945;3125.000000000;100;9636098291;S
20240219;095945;3125.000000000;3;9636098292;S
20240219;095945;3125.000000000;20;9636098293;S
20240219;095945;3125.000000000;20;9636098294;S
20240219;095945;3125.000000000;45;9636098295;S
20240219;095945;3125.000000000;2;9636098296;S
20240219;095945;3125.000000000;8;9636098297;S
20240219;095945;3125.000000000;10;9636098298;S
20240219;095945;3125.000000000;4;9636098299;S
20240219;095945;3125.000000000;1;9636098300;S
20240219;095945;3125.000000000;15;9636098301;S
20240219;095945;3125.000000000;1;9636098302;S
20240219;095945;3125.000000000;1;9636098303;S
20240219;095945;3125.000000000;1;9636098304;S
20240219;095945;3125.000000000;3;9636098305;S
20240219;095945;3125.000000000;3;9636098306;S
20240219;095945;3125.000000000;1;9636098307;S
20240219;095945;3125.000000000;3;9636098308;S
20240219;095945;3125.000000000;2;9636098309;S
20240219;095945;3125.000000000;1;9636098310;S
20240219;095945;3125.000000000;3;9636098311;S
20240219;095945;3125.000000000;2;9636098312;S
20240219;095945;3125.000000000;50;9636098313;B
20240219;095945;3125.000000000;1;9636098314;B
20240219;095945;3125.000000000;1;9636098315;S
20240219;095945;3125.000000000;3;9636098316;S
20240219;095945;3125.000000000;50;9636098317;S
20240219;095945;3125.000000000;3;9636098318;S
20240219;095945;3125.000000000;15;9636098319;S
20240219;095945;3125.000000000;1;9636098320;S
20240219;095945;3125.000000000;100;9636098321;S
20240219;095945;3125.000000000;15;9636098322;S
20240219;095945;3125.000000000;9;9636098323;B
20240219;100000;3125.500000000;25;9636103627;S
20240219;100001;3125.500000000;40;9636104043;S
20240219;100001;3126.000000000;51;9636104816;S
20240219;100002;3127.000000000;1;9636105298;B
20240219;100002;3127.000000000;5;9636105379;B
20240219;100002;3127.000000000;3;9636105381;B
20240219;100002;3127.000000000;1;9636105446;B
20240219;100002;3127.000000000;2;9636105540;B
20240219;100002;3126.000000000;3;9636105584;S
20240219;100005;3127.000000000;1;9636107519;B
20240219;100006;3125.500000000;2;9636109241;S
20240219;100006;3127.000000000;5;9636109278;B
20240219;100006;3127.000000000;1;9636109313;B
20240219;100006;3125.500000000;1;9636109320;S
20240219;100006;3125.500000000;1;9636109805;S
20240219;100006;3127.000000000;11;9636111113;B
20240219;100006;3127.000000000;19;9636111114;B
20240219;100006;3127.000000000;1;9636111115;B
20240219;100006;3128.000000000;4;9636111116;B
20240219;100006;3128.000000000;1;9636111117;B
20240219;100006;3128.000000000;1;9636111118;B
20240219;100006;3128.000000000;1;9636111119;B
20240219;100006;3128.000000000;1;9636111120;B
20240219;100006;3128.000000000;4;9636111121;B
20240219;100006;3128.000000000;1;9636111122;B
20240219;100006;3128.000000000;6;9636111123;B
20240219;100007;3125.500000000;1;9636111815;S
20240219;100007;3125.500000000;4;9636111830;S
20240219;100007;3128.000000000;5;9636111835;B
20240219;100007;3125.500000000;3;9636112874;S
20240219;100007;3128.000000000;1;9636113246;B
20240219;100008;3126.000000000;10;9636113952;S
20240219;100008;3128.000000000;1;9636115062;B
20240219;100009;3128.000000000;5;9636115927;B
20240219;100009;3128.000000000;82;9636115928;B
20240219;100009;3128.000000000;4;9636115929;B
20240219;100009;3128.000000000;3;9636115930;B
20240219;100009;3128.000000000;6;9636115931;B
20240219;100009;3128.000000000;1;9636115932;B
20240219;100009;3128.000000000;15;9636115933;B
20240219;100009;3128.000000000;1;9636115934;B
20240219;100009;3128.000000000;2;9636115935;B
20240219;100009;3128.000000000;1;9636115936;B
20240219;100009;3128.500000000;10;9636115937;B
20240219;100009;3128.500000000;1;9636115938;B
20240219;100009;3128.500000000;25;9636115939;B
20240219;100009;3129.000000000;20;9636115940;B
20240219;100009;3129.000000000;6;9636115941;B
20240219;100009;3129.500000000;18;9636115942;B
20240219;100009;3129.500000000;1;9636116193;B
20240219;100009;3128.500000000;1;9636116194;S
20240219;100009;3128.500000000;1;9636116871;S
20240219;100009;3129.500000000;1;9636116872;B
20240219;100009;3130.000000000;1;9636116873;B
20240219;100009;3130.000000000;2;9636116874;B
20240219;100009;3130.000000000;50;9636116875;B
20240219;100009;3130.000000000;5;9636116876;B
20240219;100009;3130.000000000;1;9636116877;B
20240219;100009;3130.000000000;1;9636116878;B
20240219;100009;3130.000000000;50;9636116879;B
20240219;100009;3130.000000000;10;9636116880;B
20240219;100009;3130.000000000;1;9636116881;B
20240219;100009;3130.000000000;27;9636116882;B
20240219;100010;3128.500000000;1;9636117917;S
20240219;100010;3129.500000000;2;9636117982;B
20240219;100010;3129.500000000;1;9636118024;B
20240219;100010;3129.500000000;2;9636118325;B
20240219;100010;3129.500000000;1;9636118424;B
20240219;100011;3129.500000000;2;9636118596;B
20240219;100011;3128.500000000;3;9636118858;S
20240219;100011;3129.500000000;1;9636119019;B
20240219;100011;3129.500000000;2;9636119091;B
20240219;100011;3128.500000000;6;9636119154;S
20240219;100011;3129.500000000;2;9636119234;B
20240219;100011;3129.500000000;6;9636119391;B
20240219;100012;3129.500000000;6;9636119872;B
20240219;100012;3130.000000000;5;9636119873;B
20240219;100012;3130.000000000;50;9636119874;B
20240219;100012;3130.000000000;1;9636119875;B
20240219;100012;3130.000000000;1;9636119876;B
20240219;100014;3127.000000000;1;9636120396;S
20240219;100014;3127.000000000;33;9636120397;S
20240219;100014;3129.500000000;2;9636120538;B
20240219;100014;3127.000000000;22;9636120604;S
20240219;100015;3129.500000000;23;9636120709;B
20240219;100015;3130.000000000;2;9636120710;B
20240219;100015;3130.000000000;175;9636120711;B
20240219;100016;3127.000000000;1;9636120886;S
20240219;100016;3129.500000000;25;9636120899;B
20240219;100016;3130.000000000;10;9636120900;B
20240219;100016;3130.000000000;40;9636120901;B
20240219;100016;3130.000000000;1;9636120902;B
20240219;100016;3131.000000000;50;9636120903;B
20240219;100016;3131.500000000;48;9636120904;B
20240219;100016;3132.000000000;50;9636120905;B
20240219;100016;3132.000000000;10;9636120906;B
20240219;100016;3132.000000000;28;9636120907;B
20240219;100016;3131.500000000;25;9636120913;B
20240219;100016;3132.000000000;60;9636120914;B
20240219;100016;3129.000000000;59;9636120928;S
20240219;100016;3129.000000000;5;9636120993;S
20240219;100016;3132.000000000;5;9636121070;B
20240219;100016;3132.000000000;4;9636121071;B
20240219;100016;3132.000000000;1;9636121138;B
20240219;100017;3132.000000000;14;9636121186;B
20240219;100017;3132.000000000;10;9636121237;B
20240219;100017;3132.000000000;10;9636121401;B
20240219;100017;3133.000000000;2;9636121402;B
20240219;100017;3133.000000000;10;9636121403;B
20240219;100017;3133.000000000;10;9636121404;B
20240219;100017;3134.000000000;64;9636121405;B
20240219;100017;3134.000000000;79;9636121406;B
20240219;100017;3134.000000000;25;9636121407;B
20240219;100019;3134.000000000;15;9636121735;B
20240219;100019;3134.500000000;25;9636121736;B
20240219;100019;3134.500000000;2;9636121737;B
20240219;100019;3135.000000000;1;9636121738;B
20240219;100019;3135.000000000;10;9636121739;B
20240219;100019;3135.000000000;25;9636121740;B
20240219;100019;3135.000000000;22;9636121741;B
20240219;100020;3135.000000000;28;9636122063;B
20240219;100020;3135.500000000;79;9636122064;B
20240219;100020;3137.000000000;25;9636122065;B
20240219;100020;3137.500000000;6;9636122066;B
20240219;100020;3138.000000000;10;9636122067;B
20240219;100020;3138.000000000;6;9636122068;B
20240219;100020;3138.500000000;48;9636122069;B
20240219;100020;3138.500000000;25;9636122070;B
20240219;100020;3139.000000000;240;9636122071;B
20240219;100020;3139.500000000;1;9636122072;B
20240219;100020;3139.500000000;3;9636122073;B
20240219;100020;3139.500000000;5;9636122074;B
20240219;100020;3139.500000000;32;9636122075;B
20240219;100020;3140.000000000;25;9636122076;B
20240219;100020;3140.000000000;75;9636122077;B
20240219;100020;3140.000000000;1;9636122078;B
20240219;100020;3140.000000000;4;9636122079;B
20240219;100020;3140.500000000;2;9636122080;B
20240219;100020;3140.500000000;1;9636122081;B
20240219;100020;3140.500000000;5;9636122082;B
20240219;100020;3140.500000000;4;9636122083;B
20240219;100020;3140.500000000;89;9636122084;B
20240219;100020;3140.500000000;162;9636122085;B
20240219;100020;3140.500000000;4;9636122086;B
20240219;100020;3140.500000000;1;9636122087;B
20240219;100020;3140.500000000;1;9636122088;B
20240219;100020;3140.500000000;6;9636122089;B
20240219;100020;3140.500000000;5;9636122090;B
20240219;100020;3141.000000000;25;9636122091;B
20240219;100020;3143.000000000;82;9636122092;B
20240219;100021;3141.500000000;18;9636122209;B
20240219;100021;3139.500000000;1;9636122227;S
20240219;100021;3139.500000000;4;9636122252;S
20240219;100021;3140.000000000;1;9636122255;B
20240219;100021;3140.000000000;1;9636122265;S
20240219;100021;3141.500000000;6;9636122279;B
20240219;100021;3140.000000000;20;9636122285;S
20240219;100021;3140.000000000;60;9636122286;S
20240219;100021;3140.000000000;3;9636122287;S
20240219;100021;3139.500000000;25;9636122288;S
20240219;100021;3135.000000000;1;9636122327;S
20240219;100021;3135.000000000;1;9636122352;S
20240219;100021;3137.500000000;32;9636122365;B
20240219;100021;3138.000000000;18;9636122366;B
20240219;100022;3135.000000000;1;9636122404;S
20240219;100022;3138.000000000;20;9636122484;B
20240219;100022;3138.500000000;32;9636122485;B
20240219;100022;3139.000000000;12;9636122486;B
20240219;100022;3139.000000000;79;9636122487;B
20240219;100022;3140.000000000;1;9636122488;B
20240219;100022;3140.000000000;15;9636122489;B
20240219;100022;3140.500000000;25;9636122490;B
20240219;100022;3141.000000000;2;9636122491;B
20240219;100022;3141.000000000;6;9636122492;B
20240219;100022;3141.500000000;1;9636122493;B
20240219;100022;3142.000000000;5;9636122494;B
20240219;100022;3142.500000000;343;9636122495;S
20240219;100022;3142.500000000;68;9636122496;S
20240219;100022;3136.500000000;50;9636122498;S
20240219;100022;3136.500000000;10;9636122499;S
20240219;100022;3136.500000000;19;9636122502;S
20240219;100022;3136.500000000;25;9636122503;S
20240219;100022;3136.500000000;6;9636122504;S
20240219;100022;3136.500000000;10;9636122505;S
20240219;100022;3136.500000000;30;9636122506;S
20240219;100022;3137.000000000;20;9636122507;S
20240219;100022;3137.000000000;30;9636122508;S
20240219;100022;3140.500000000;22;9636122601;B
20240219;100022;3140.500000000;8;9636122726;B
20240219;100022;3140.500000000;1;9636122727;B
20240219;100022;3141.000000000;32;9636122728;B
20240219;100022;3141.000000000;29;9636122729;B
20240219;100024;3140.500000000;32;9636123098;B
20240219;100024;3140.500000000;1;9636123099;B
20240219;100024;3136.500000000;25;9636123199;S
20240219;100024;3136.000000000;96;9636123200;S
20240219;100024;3135.500000000;60;9636123201;S
20240219;100024;3139.000000000;32;9636123238;B
20240219;100024;3139.500000000;18;9636123239;B
20240219;100024;3139.000000000;10;9636123343;B
20240219;100024;3135.500000000;18;9636123363;S
20240219;100024;3135.000000000;25;9636123364;S
20240219;100025;3135.000000000;1;9636123540;B
20240219;100027;3135.000000000;86;9636124218;B
20240219;100028;3135.000000000;2;9636124420;B
20240219;100028;3134.500000000;2;9636124469;S
20240219;100028;3132.500000000;8;9636124470;S
20240219;100028;3132.000000000;1;9636124703;S
20240219;100029;3134.000000000;8;9636124717;B
20240219;100029;3134.500000000;2;9636124718;B
20240219;100029;3135.000000000;1;9636124852;B
20240219;100029;3134.500000000;10;9636124957;B
20240219;100031;3133.500000000;32;9636125369;S
20240219;100031;3133.000000000;40;9636125370;S
20240219;100031;3132.000000000;79;9636125371;S
20240219;100031;3131.500000000;25;9636125372;S
20240219;100031;3130.000000000;4;9636125373;S
20240219;100031;3129.500000000;10;9636125374;S
20240219;100031;3129.500000000;8;9636125375;S
20240219;100031;3129.500000000;10;9636125376;S
20240219;100031;3129.000000000;96;9636125377;S
20240219;100031;3129.000000000;25;9636125378;S
20240219;100031;3128.500000000;270;9636125379;S
20240219;100031;3128.500000000;1;9636125380;S
20240219;100031;3130.500000000;1;9636125609;S
20240219;100032;3133.000000000;60;9636125661;B
20240219;100032;3130.500000000;20;9636125859;S
20240219;100033;3133.000000000;1;9636126008;B
20240219;100037;3132.000000000;2;9636126954;S
20240219;100037;3132.500000000;18;9636127008;S
20240219;100037;3131.000000000;6;9636127009;S
20240219;100037;3133.000000000;1;9636127226;B
20240219;100041;3133.500000000;10;9636128380;B
20240219;100041;3134.000000000;6;9636128381;B
20240219;100042;3132.500000000;1;9636128683;S
20240219;100042;3131.500000000;8;9636128684;S
20240219;100043;3131.500000000;13;9636129001;S
20240219;100043;3134.000000000;4;9636129179;B
20240219;100044;3134.000000000;10;9636129328;B
20240219;100046;3131.000000000;1;9636129664;S
20240219;100046;3133.000000000;1;9636129686;B
20240219;100046;3133.000000000;2;9636129733;B
20240219;100047;3131.500000000;35;9636129980;S
20240219;100047;3130.000000000;1;9636129981;S
20240219;100047;3129.500000000;62;9636129982;S
20240219;100047;3129.500000000;10;9636129983;S
20240219;100047;3133.000000000;1;9636130027;B
20240219;100047;3133.000000000;5;9636130085;B
20240219;100050;3130.000000000;32;9636130762;S
20240219;100050;3129.500000000;18;9636130763;S
20240219;100054;3133.000000000;7;9636132097;B
20240219;100054;3130.500000000;20;9636132154;S
20240219;100057;3130.500000000;2;9636132824;S
20240219;100057;3133.000000000;15;9636132867;B
20240219;100100;3133.000000000;50;9636133709;B
20240219;100101;3133.000000000;1;9636133843;B
20240219;100103;3133.000000000;1;9636134389;B
20240219;100103;3133.000000000;1;9636134391;B
20240219;100105;3130.500000000;5;9636134784;S
20240219;100112;3130.500000000;25;9636136551;S
20240219;100112;3130.500000000;25;9636136552;S
20240219;100113;3131.000000000;1;9636136741;S
20240219;100119;3133.000000000;6;9636138148;B
20240219;100119;3133.000000000;34;9636138149;B
20240219;100119;3131.000000000;32;9636138196;S
20240219;100119;3130.500000000;54;9636138197;S
20240219;100119;3130.500000000;1;9636138198;S
20240219;100119;3130.500000000;50;9636138199;S
20240219;100119;3130.000000000;100;9636138200;S
20240219;100119;3130.000000000;13;9636138201;S
20240219;100119;3130.500000000;1;9636138280;B
20240219;100120;3131.000000000;2;9636138504;S
20240219;100123;3131.000000000;60;9636138987;S
20240219;100123;3132.500000000;5;9636139060;B
20240219;100126;3133.000000000;100;9636139634;B
20240219;100128;3131.000000000;3;9636140725;S
20240219;100132;3132.000000000;4;9636141866;B
20240219;100133;3131.000000000;1;9636142106;S
20240219;100136;3132.000000000;2;9636142802;B
20240219;100136;3132.000000000;3;9636142852;B
20240219;100136;3133.000000000;6;9636142853;B
20240219;100136;3133.000000000;156;9636142854;B
20240219;100137;3133.000000000;1;9636143145;B
20240219;100141;3131.500000000;10;9636143878;S
20240219;100141;3131.500000000;32;9636143879;S
20240219;100141;3131.000000000;3;9636143880;S
20240219;100141;3131.000000000;20;9636143881;S
20240219;100141;3131.000000000;30;9636143882;S
20240219;100141;3130.500000000;34;9636143883;S
20240219;100142;3130.500000000;29;9636144211;S
20240219;100143;3130.500000000;4;9636144306;S
20240219;100144;3131.000000000;5;9636144701;S
20240219;100144;3131.500000000;1;9636144710;B
20240219;100145;3131.000000000;39;9636144897;S
20240219;100146;3131.000000000;2;9636145088;S
20240219;100146;3131.500000000;31;9636145142;B
20240219;100146;3132.000000000;2;9636145143;B
20240219;100146;3131.000000000;33;9636145184;S
20240219;100146;3131.000000000;17;9636145185;S
20240219;100147;3131.000000000;38;9636145378;S
20240219;100147;3131.000000000;62;9636145379;S
20240219;100147;3131.000000000;15;9636145402;S
20240219;100148;3131.500000000;1;9636145770;B
20240219;100149;3131.500000000;2;9636145803;B
20240219;100151;3131.000000000;1;9636146292;S
20240219;100151;3131.000000000;12;9636146344;S
20240219;100151;3131.000000000;32;9636146345;S
20240219;100151;3130.500000000;33;9636146346;S
20240219;100151;3130.000000000;7;9636146347;S
20240219;100151;3130.000000000;1;9636146348;S
20240219;100155;3130.000000000;10;9636147206;B
20240219;100156;3130.000000000;1;9636147229;B
20240219;100156;3129.500000000;5;9636147441;S
20240219;100156;3130.000000000;1;9636147461;B
20240219;100158;3130.000000000;3;9636147831;B
20240219;100200;3129.500000000;9;9636148346;S
20240219;100200;3129.500000000;3;9636148347;S
20240219;100204;3131.000000000;3;9636148974;B
20240219;100205;3131.000000000;1;9636149223;B
20240219;100206;3131.000000000;13;9636149614;B
20240219;100207;3130.000000000;7;9636149696;S
20240219;100208;3130.000000000;1;9636149883;B
20240219;100209;3129.500000000;3;9636150136;S
20240219;100209;3129.500000000;8;9636150137;S
20240219;100209;3129.000000000;5;9636150138;S
20240219;100209;3129.000000000;5;9636150145;S
20240219;100209;3129.000000000;14;9636150146;S
20240219;100210;3129.500000000;1;9636150308;B
20240219;100213;3129.500000000;1;9636150920;B
20240219;100213;3129.500000000;1;9636150921;B
20240219;100215;3129.500000000;5;9636151157;B
20240219;100216;3129.500000000;5;9636151302;B
20240219;100216;3129.500000000;10;9636151396;B
20240219;100216;3129.000000000;3;9636151490;S
20240219;100217;3129.500000000;32;9636151624;B
20240219;100217;3130.000000000;51;9636151625;B
20240219;100217;3129.500000000;2;9636151627;S
20240219;100217;3129.000000000;18;9636151628;S
20240219;100218;3130.000000000;5;9636151781;B
20240219;100219;3129.500000000;1;9636151926;S
20240219;100221;3129.500000000;3;9636152266;S
20240219;100221;3129.500000000;15;9636152295;S
20240219;100223;3130.000000000;1;9636152629;B
20240219;100223;3129.500000000;1;9636152733;S
20240219;100225;3129.500000000;1;9636152981;S
20240219;100225;3129.000000000;3;9636152982;S
20240219;100226;3130.000000000;15;9636153330;B
20240219;100231;3129.000000000;1;9636154361;S
20240219;100235;3131.000000000;41;9636155082;B
20240219;100239;3131.500000000;3;9636155934;B
20240219;100239;3131.500000000;32;9636155935;B
20240219;100239;3132.000000000;323;9636155936;B
20240219;100239;3132.500000000;6;9636155937;S
20240219;100240;3133.000000000;200;9636156143;B
20240219;100240;3133.000000000;33;9636156146;B
20240219;100240;3133.000000000;1;9636156147;B
20240219;100240;3133.000000000;10;9636156148;B
20240219;100240;3133.000000000;1;9636156149;B
20240219;100240;3133.000000000;50;9636156150;B
20240219;100240;3133.000000000;27;9636156151;B
20240219;100240;3133.000000000;11;9636156152;B
20240219;100240;3133.500000000;9;9636156153;B
20240219;100241;3134.000000000;25;9636156224;B
20240219;100241;3134.500000000;9;9636156225;B
20240219;100241;3135.000000000;1;9636156226;B
20240219;100241;3135.000000000;1;9636156227;B
20240219;100241;3135.000000000;164;9636156228;B
20240219;100241;3135.000000000;17;9636156305;B
20240219;100241;3135.000000000;2;9636156306;B
20240219;100241;3135.000000000;2;9636156307;B
20240219;100241;3135.500000000;1;9636156308;B
20240219;100241;3135.500000000;28;9636156309;B
20240219;100241;3135.500000000;10;9636156312;B
20240219;100241;3136.000000000;1;9636156313;B
20240219;100241;3136.000000000;5;9636156314;B
20240219;100241;3136.500000000;5;9636156315;B
20240219;100241;3136.500000000;29;9636156316;B
20240219;100241;3136.500000000;2;9636156346;B
20240219;100241;3137.000000000;5;9636156347;B
20240219;100241;3137.000000000;1;9636156348;B
20240219;100241;3137.000000000;5;9636156349;B
20240219;100241;3137.500000000;10;9636156350;B
20240219;100241;3137.500000000;27;9636156351;B
20240219;100242;3137.000000000;15;9636156469;B
20240219;100242;3137.500000000;35;9636156470;B
20240219;100243;3137.500000000;100;9636156619;B
20240219;100243;3137.500000000;3;9636156635;B
20240219;100243;3138.500000000;1;9636156661;B
20240219;100244;3139.000000000;1;9636156720;B
20240219;100244;3139.500000000;1;9636156721;B
20240219;100244;3139.500000000;98;9636156722;B
20240219;100244;3139.500000000;8;9636156762;B
20240219;100244;3139.500000000;15;9636156872;B
20240219;100244;3140.000000000;35;9636156873;B
20240219;100245;3139.500000000;21;9636156962;B
20240219;100245;3140.500000000;1;9636156968;B
20240219;100245;3140.500000000;1;9636156969;B
20240219;100245;3140.500000000;1;9636156970;B
20240219;100245;3140.500000000;27;9636156971;B
20240219;100245;3140.500000000;30;9636156975;B
20240219;100245;3140.500000000;20;9636156976;B
20240219;100245;3140.500000000;1;9636156991;B
20240219;100245;3140.500000000;25;9636156994;B
20240219;100245;3140.500000000;10;9636156996;B
20240219;100246;3140.500000000;1;9636157183;S
20240219;100246;3140.000000000;79;9636157184;S
20240219;100246;3139.500000000;1;9636157185;S
20240219;100246;3138.000000000;7;9636157186;S
20240219;100246;3138.000000000;5;9636157187;S
20240219;100246;3137.500000000;25;9636157188;S
20240219;100246;3137.000000000;2;9636157189;S
20240219;100246;3137.000000000;32;9636157190;S
20240219;100246;3136.500000000;25;9636157191;S
20240219;100246;3136.500000000;23;9636157192;S
20240219;100248;3140.000000000;32;9636157576;B
20240219;100248;3140.500000000;18;9636157577;B
20240219;100249;3140.500000000;5;9636157923;B
20240219;100253;3139.500000000;32;9636158683;B
20240219;100253;3140.000000000;1;9636158684;B
20240219;100253;3140.000000000;50;9636158685;B
20240219;100254;3139.000000000;1;9636158907;S
20240219;100254;3138.500000000;5;9636158918;S
20240219;100254;3138.000000000;2;9636158919;S
20240219;100254;3136.500000000;3;9636158926;S
20240219;100254;3136.500000000;9;9636158927;S
20240219;100254;3136.500000000;2;9636158928;S
20240219;100254;3136.500000000;29;9636158929;S
20240219;100257;3140.000000000;1;9636159686;B
20240219;100300;3140.000000000;3;9636160053;B
20240219;100300;3140.000000000;3;9636160115;B
20240219;100300;3140.000000000;32;9636160116;B
20240219;100300;3140.000000000;18;9636160117;B
20240219;100300;3140.000000000;2;9636160118;B
20240219;100300;3140.000000000;1;9636160119;B
20240219;100300;3140.500000000;44;9636160120;B
20240219;100301;3139.000000000;1;9636160327;S
20240219;100301;3138.000000000;1;9636160328;S
20240219;100301;3137.000000000;1;9636160329;S
20240219;100301;3137.000000000;18;9636160330;S
20240219;100301;3137.000000000;2;9636160331;S
20240219;100301;3136.500000000;25;9636160332;S
20240219;100301;3136.000000000;48;9636160333;S
20240219;100301;3136.000000000;4;9636160334;S
20240219;100305;3138.500000000;7;9636161071;B
20240219;100305;3139.000000000;3;9636161072;B
20240219;100305;3139.000000000;5;9636161075;B
20240219;100305;3139.000000000;1;9636161318;B
20240219;100307;3138.000000000;2;9636161694;S
20240219;100307;3138.500000000;2;9636161701;B
20240219;100307;3138.500000000;23;9636161800;B
20240219;100307;3138.500000000;1;9636161801;B
20240219;100307;3138.500000000;7;9636161802;B
20240219;100308;3139.000000000;2;9636161967;B
20240219;100311;3139.000000000;1;9636162486;B
20240219;100312;3138.500000000;5;9636162717;S
20240219;100312;3138.500000000;3;9636162791;S
20240219;100312;3138.000000000;3;9636162792;S
20240219;100312;3138.500000000;1;9636162793;B
20240219;100313;3139.000000000;13;9636162978;B
20240219;100313;3139.000000000;2;9636162979;B
20240219;100313;3139.000000000;7;9636162980;B
20240219;100313;3139.000000000;1;9636162981;B
20240219;100314;3139.500000000;25;9636163167;B
20240219;100314;3139.500000000;2;9636163168;B
20240219;100314;3139.500000000;1;9636163169;B
20240219;100314;3139.500000000;22;9636163170;B
20240219;100314;3140.000000000;5;9636163286;B
20240219;100315;3139.500000000;1;9636163371;S
20240219;100316;3140.000000000;10;9636163557;B
20240219;100318;3139.500000000;1;9636164001;S
20240219;100318;3139.500000000;5;9636164002;S
20240219;100318;3139.500000000;50;9636164003;S
20240219;100318;3139.000000000;44;9636164004;S
20240219;100319;3139.500000000;6;9636164359;B
20240219;100319;3139.500000000;10;9636164418;B
20240219;100321;3139.000000000;30;9636164799;S
20240219;100321;3139.000000000;3;9636164827;S
20240219;100321;3138.500000000;7;9636164828;S
20240219;100322;3139.000000000;2;9636164946;B
20240219;100325;3139.000000000;14;9636165613;B
20240219;100326;3139.000000000;15;9636165720;B
20240219;100327;3138.000000000;30;9636165863;S
20240219;100327;3138.000000000;4;9636165864;S
20240219;100328;3138.000000000;1;9636166009;S
20240219;100328;3138.000000000;5;9636166010;S
20240219;100328;3138.000000000;2;9636166021;B
20240219;100334;3138.000000000;2;9636167538;B
20240219;100334;3138.000000000;1;9636167539;B
20240219;100334;3138.500000000;12;9636167540;B
20240219;100335;3138.000000000;3;9636167629;S
20240219;100338;3138.000000000;1;9636168180;S
20240219;100338;3137.000000000;1;9636168181;S
20240219;100338;3137.000000000;1;9636168182;S
20240219;100339;3137.000000000;100;9636168408;B
20240219;100339;3137.000000000;8;9636168428;B
20240219;100341;3137.000000000;5;9636168761;B
20240219;100342;3136.500000000;1;9636168919;S
20240219;100342;3137.000000000;9;9636169051;B
20240219;100343;3137.000000000;1;9636169096;B
20240219;100344;3137.000000000;4;9636169296;B
20240219;100344;3136.500000000;1;9636169311;S
20240219;100344;3136.500000000;9;9636169327;S
20240219;100344;3136.500000000;1;9636169328;S
20240219;100344;3136.000000000;1;9636169329;S
20240219;100344;3136.000000000;1;9636169330;S
20240219;100344;3136.000000000;7;9636169331;S
20240219;100344;3135.500000000;1;9636169332;S
20240219;100344;3137.000000000;3;9636169345;B
20240219;100345;3137.000000000;40;9636169465;B
20240219;100346;3137.500000000;1;9636169641;B
20240219;100357;3137.500000000;31;9636171524;B
20240219;100357;3137.500000000;20;9636171525;B
20240219;100359;3137.500000000;3;9636171974;B
20240219;100400;3137.500000000;2;9636172213;B
20240219;100401;3137.000000000;1;9636172339;S
20240219;100401;3136.500000000;7;9636172340;S
20240219;100401;3136.000000000;5;9636172341;S
20240219;100401;3136.000000000;1;9636172342;S
20240219;100401;3136.000000000;40;9636172343;S
20240219;100403;3137.000000000;1;9636172788;S
20240219;100403;3137.000000000;1;9636172834;B
20240219;100403;3137.000000000;28;9636172883;B
20240219;100403;3138.000000000;11;9636172884;B
20240219;100406;3136.500000000;1;9636173394;S
20240219;100406;3138.000000000;19;9636173499;B
20240219;100406;3138.000000000;5;9636173644;S
20240219;100407;3138.500000000;1;9636173685;B
20240219;100407;3138.000000000;52;9636173835;S
20240219;100407;3138.000000000;50;9636173836;S
20240219;100408;3138.000000000;1;9636173981;S
20240219;100408;3138.000000000;1;9636173983;S
20240219;100409;3138.000000000;1;9636174261;S
20240219;100409;3138.000000000;1;9636174283;S
20240219;100410;3138.000000000;4;9636174305;S
20240219;100410;3138.500000000;14;9636174380;B
20240219;100411;3138.500000000;5;9636174504;B
20240219;100412;3138.500000000;5;9636174632;B
20240219;100412;3138.000000000;15;9636174648;S
20240219;100412;3138.000000000;1;9636174743;S
20240219;100412;3138.000000000;3;9636174744;S
20240219;100412;3136.000000000;1;9636174745;S
20240219;100412;3136.000000000;1;9636174746;S
20240219;100415;3138.000000000;4;9636175212;B
20240219;100417;3137.500000000;5;9636175385;B
20240219;100417;3137.500000000;40;9636175421;B
20240219;100419;3137.500000000;5;9636176003;B
20240219;100419;3137.500000000;7;9636176004;B
20240219;100419;3137.500000000;18;9636176005;B
20240219;100419;3137.500000000;10;9636176073;B
20240219;100420;3137.000000000;1;9636176295;S
20240219;100421;3137.500000000;1;9636176362;B
20240219;100422;3137.500000000;8;9636176666;B
20240219;100423;3137.000000000;5;9636176871;S
20240219;100424;3136.500000000;1;9636176993;S
20240219;100424;3136.500000000;1;9636176994;S
20240219;100424;3136.000000000;7;9636176995;S
20240219;100424;3135.500000000;41;9636176996;S
20240219;100424;3135.500000000;35;9636176998;S
20240219;100425;3136.500000000;1;9636177276;B
20240219;100426;3136.500000000;31;9636177283;B
20240219;100426;3136.500000000;25;9636177284;B
20240219;100426;3137.000000000;12;9636177285;B
20240219;100426;3137.000000000;7;9636177286;B
20240219;100426;3137.500000000;1;9636177287;B
20240219;100426;3137.500000000;24;9636177288;B
20240219;100426;3135.000000000;9;9636177343;S
20240219;100430;3137.500000000;72;9636178154;B
20240219;100430;3137.500000000;1;9636178155;B
20240219;100430;3137.500000000;32;9636178156;B
20240219;100430;3137.500000000;7;9636178157;B
20240219;100430;3138.000000000;130;9636178158;B
20240219;100430;3138.000000000;31;9636178159;B
20240219;100430;3138.000000000;25;9636178160;B
20240219;100430;3138.500000000;25;9636178161;B
20240219;100430;3138.500000000;100;9636178162;B
20240219;100430;3139.000000000;54;9636178163;B
20240219;100437;3135.000000000;15;9636179136;S
20240219;100437;3135.000000000;90;9636179137;S
20240219;100437;3135.000000000;2;9636179138;S
20240219;100437;3135.000000000;7;9636179139;S
20240219;100437;3134.500000000;49;9636179140;S
20240219;100437;3134.000000000;2;9636179141;S
20240219;100437;3134.000000000;25;9636179142;S
20240219;100438;3134.000000000;24;9636179314;S
20240219;100438;3133.500000000;6;9636179315;S
20240219;100438;3133.500000000;1;9636179500;S
20240219;100439;3133.500000000;11;9636179533;S
20240219;100439;3133.000000000;10;9636179534;S
20240219;100439;3133.000000000;3;9636179535;S
20240219;100439;3133.000000000;1;9636179536;S
20240219;100439;3133.000000000;10;9636179569;S
20240219;100442;3134.500000000;5;9636180254;B
20240219;100442;3135.000000000;2;9636180255;B
20240219;100442;3135.500000000;4;9636180256;B
20240219;100446;3135.500000000;2;9636180941;B
20240219;100447;3135.000000000;1;9636180987;S
20240219;100448;3135.000000000;1;9636181185;S
20240219;100449;3135.000000000;1;9636181451;S
20240219;100450;3135.000000000;7;9636181638;S
20240219;100450;3135.000000000;4;9636181646;B
20240219;100453;3133.000000000;1;9636182213;S
20240219;100454;3133.000000000;23;9636182281;S
20240219;100454;3133.000000000;1;9636182282;S
20240219;100454;3133.000000000;1;9636182283;S
20240219;100454;3133.000000000;1;9636182284;S
20240219;100454;3133.000000000;15;9636182285;S
20240219;100454;3133.000000000;30;9636182286;S
20240219;100454;3133.000000000;13;9636182287;S
20240219;100455;3133.500000000;5;9636182559;B
20240219;100455;3134.000000000;1;9636182560;B
20240219;100457;3133.000000000;23;9636182771;S
20240219;100457;3132.500000000;10;9636182772;S
20240219;100457;3132.500000000;1;9636182773;S
20240219;100457;3132.500000000;6;9636182774;S
20240219;100457;3132.500000000;2;9636182775;S
20240219;100457;3132.500000000;2;9636182776;S
20240219;100457;3132.500000000;7;9636182777;S
20240219;100457;3132.000000000;49;9636182778;S
20240219;100502;3134.500000000;6;9636183619;B
20240219;100502;3135.000000000;3;9636183620;B
20240219;100506;3134.000000000;1;9636184358;S
20240219;100507;3134.500000000;1;9636184499;B
20240219;100507;3134.000000000;12;9636184500;S
20240219;100507;3135.000000000;6;9636184527;B
20240219;100507;3135.000000000;9;9636184528;B
20240219;100511;3134.000000000;1;9636185162;S
20240219;100511;3134.000000000;1;9636185163;S
20240219;100514;3133.500000000;2;9636185575;B
20240219;100516;3133.000000000;100;9636185894;S
20240219;100517;3133.500000000;1;9636186251;B
20240219;100517;3133.000000000;5;9636186267;S
20240219;100518;3133.500000000;8;9636186313;B
20240219;100518;3133.000000000;8;9636186324;S
20240219;100518;3133.000000000;3;9636186417;S
20240219;100518;3133.500000000;10;9636186424;B
20240219;100521;3133.000000000;46;9636186956;S
20240219;100521;3132.500000000;6;9636186957;S
20240219;100521;3132.000000000;1;9636186958;S
20240219;100521;3132.000000000;15;9636186959;S
20240219;100521;3132.000000000;4;9636186960;S
20240219;100521;3132.000000000;1;9636186961;S
20240219;100521;3132.000000000;5;9636186962;S
20240219;100523;3133.500000000;5;9636187289;B
20240219;100527;3133.000000000;1;9636188018;B
20240219;100527;3132.000000000;5;9636188138;S
20240219;100527;3132.000000000;30;9636188139;S
20240219;100527;3132.000000000;25;9636188140;S
20240219;100527;3132.000000000;6;9636188141;S
20240219;100528;3132.000000000;2;9636188452;B
20240219;100529;3131.500000000;2;9636188604;S
20240219;100529;3131.500000000;1;9636188616;S
20240219;100529;3131.500000000;6;9636188622;S
20240219;100531;3132.000000000;1;9636188904;B
20240219;100531;3132.000000000;1;9636188923;B
20240219;100531;3132.000000000;1;9636188946;B
20240219;100531;3131.500000000;6;9636188969;S
20240219;100531;3131.000000000;14;9636188970;S
20240219;100532;3131.000000000;1;9636189168;S
20240219;100532;3132.000000000;24;9636189233;B
20240219;100532;3132.000000000;5;9636189257;B
20240219;100532;3132.000000000;43;9636189258;B
20240219;100533;3133.000000000;1;9636189469;B
20240219;100533;3133.500000000;1;9636189470;B
20240219;100535;3134.000000000;6;9636189688;B
20240219;100535;3134.000000000;7;9636189922;B
20240219;100535;3134.000000000;4;9636189923;B
20240219;100536;3134.500000000;32;9636189958;S
20240219;100536;3134.500000000;6;9636189959;S
20240219;100536;3134.000000000;39;9636189960;S
20240219;100536;3133.500000000;33;9636189961;S
20240219;100537;3135.500000000;3;9636190109;B
20240219;100537;3135.500000000;6;9636190199;B
20240219;100538;3135.500000000;1;9636190337;B
20240219;100539;3135.000000000;1;9636190660;S
20240219;100540;3135.000000000;1;9636190735;S
20240219;100540;3135.000000000;9;9636190736;S
20240219;100540;3135.500000000;1;9636190817;B
20240219;100547;3135.000000000;1;9636192128;B
20240219;100550;3134.500000000;1;9636192821;S
20240219;100550;3134.500000000;6;9636192822;S
20240219;100550;3134.000000000;12;9636192823;S
20240219;100552;3135.000000000;2;9636193138;B
20240219;100552;3135.000000000;9;9636193139;B
20240219;100552;3135.500000000;39;9636193140;B
20240219;100555;3134.500000000;5;9636193816;S
20240219;100556;3135.500000000;1;9636193985;B
20240219;100556;3135.500000000;6;9636193986;B
20240219;100556;3136.000000000;3;9636193987;B
20240219;100603;3135.500000000;3;9636195288;S
20240219;100604;3136.000000000;1;9636195633;B
20240219;100604;3136.000000000;2;9636195634;B
20240219;100604;3135.500000000;3;9636195726;S
20240219;100606;3136.000000000;2;9636195952;B
20240219;100606;3135.500000000;26;9636195955;S
20240219;100606;3135.000000000;35;9636195956;S
20240219;100609;3136.000000000;2;9636196771;B
20240219;100611;3135.000000000;65;9636197341;S
20240219;100611;3135.000000000;15;9636197342;S
20240219;100613;3134.500000000;1;9636197671;B
20240219;100614;3134.000000000;1;9636198060;S
20240219;100615;3134.500000000;5;9636198200;B
20240219;100615;3135.000000000;5;9636198201;B
20240219;100615;3134.500000000;1;9636198214;B
20240219;100616;3134.500000000;9;9636198378;B
20240219;100616;3135.000000000;63;9636198381;B
20240219;100618;3134.500000000;8;9636198665;B
20240219;100620;3134.000000000;2;9636199129;S
20240219;100624;3134.500000000;1;9636200096;B
20240219;100626;3134.000000000;1;9636200325;S
20240219;100633;3134.500000000;1;9636201518;B
20240219;100633;3134.500000000;9;9636201519;B
20240219;100633;3134.500000000;1;9636201532;B
20240219;100635;3134.500000000;22;9636201818;B
20240219;100635;3135.000000000;28;9636201819;B
20240219;100637;3135.000000000;4;9636202113;B
20240219;100637;3134.500000000;1;9636202142;S
20240219;100637;3134.500000000;12;9636202309;S
20240219;100640;3134.500000000;2;9636202910;S
20240219;100641;3135.000000000;10;9636203061;B
20240219;100644;3134.000000000;12;9636203540;S
20240219;100644;3134.500000000;1;9636203591;B
20240219;100645;3134.000000000;22;9636203804;S
20240219;100645;3134.000000000;1;9636203805;S
20240219;100645;3134.500000000;1;9636203806;B
20240219;100646;3134.500000000;3;9636203960;B
20240219;100648;3134.000000000;2;9636204382;B
20240219;100648;3134.500000000;6;9636204383;B
20240219;100648;3135.000000000;28;9636204384;B
20240219;100649;3133.500000000;8;9636204570;S
20240219;100650;3135.000000000;12;9636204574;B
20240219;100650;3133.500000000;1;9636204680;S
20240219;100653;3133.500000000;6;9636205317;S
20240219;100653;3133.500000000;4;9636205318;S
20240219;100653;3133.500000000;10;9636205351;S
20240219;100653;3133.500000000;10;9636205391;S
20240219;100654;3133.000000000;10;9636205612;S
20240219;100654;3133.000000000;10;9636205694;S
20240219;100656;3133.000000000;6;9636206071;S
20240219;100657;3133.500000000;1;9636206128;B
20240219;100658;3133.000000000;1;9636206340;S
20240219;100659;3133.500000000;2;9636206573;B
20240219;100700;3133.000000000;23;9636206738;S
20240219;100701;3133.000000000;3;9636206908;B
20240219;100701;3133.000000000;29;9636207085;B
20240219;100701;3133.000000000;1;9636207086;B
20240219;100703;3133.000000000;10;9636207436;B
20240219;100703;3133.500000000;15;9636207437;B
20240219;100704;3132.500000000;25;9636207605;S
20240219;100704;3132.000000000;5;9636207606;S
20240219;100707;3133.500000000;82;9636208308;B
20240219;100707;3134.000000000;6;9636208309;B
20240219;100707;3134.500000000;10;9636208310;B
20240219;100707;3134.500000000;21;9636208311;B
20240219;100707;3135.000000000;49;9636208312;B
20240219;100707;3135.000000000;25;9636208313;B
20240219;100707;3135.000000000;25;9636208314;B
20240219;100707;3135.000000000;5;9636208315;B
20240219;100707;3135.000000000;1;9636208316;B
20240219;100707;3135.000000000;30;9636208317;B
20240219;100707;3135.500000000;79;9636208318;B
20240219;100707;3136.000000000;10;9636208319;B
20240219;100707;3136.500000000;17;9636208320;B
20240219;100707;3136.500000000;25;9636208321;B
20240219;100707;3137.000000000;25;9636208322;B
20240219;100707;3137.000000000;1;9636208323;B
20240219;100707;3137.000000000;30;9636208324;B
20240219;100707;3138.000000000;8;9636208325;B
20240219;100707;3138.000000000;5;9636208326;B
20240219;100707;3138.500000000;146;9636208327;B
20240219;100711;3135.500000000;2;9636209208;B
20240219;100714;3135.500000000;1;9636209794;B
20240219;100726;3135.500000000;25;9636212069;B
20240219;100726;3135.500000000;1;9636212070;B
20240219;100726;3136.000000000;26;9636212071;B
20240219;100726;3136.000000000;6;9636212072;B
20240219;100726;3136.500000000;10;9636212073;B
20240219;100726;3136.500000000;2;9636212074;B
20240219;100728;3136.500000000;50;9636212690;B
20240219;100733;3135.000000000;5;9636213852;B
20240219;100734;3136.500000000;2;9636213965;B
20240219;100745;3136.500000000;7;9636215944;B
20240219;100745;3136.500000000;10;9636215945;B
20240219;100746;3136.500000000;10;9636216094;B
20240219;100746;3137.500000000;25;9636216095;B
20240219;100750;3135.500000000;3;9636216589;B
20240219;100809;3137.000000000;1;9636219897;B
20240219;100809;3137.000000000;3;9636219964;B
20240219;100809;3137.000000000;5;9636219965;B
20240219;100809;3137.000000000;5;9636220019;B
20240219;100809;3137.500000000;45;9636220020;B
20240219;100815;3137.500000000;1;9636220976;B
20240219;100818;3138.000000000;1;9636221337;B
20240219;100818;3138.000000000;29;9636221338;B
20240219;100819;3138.000000000;50;9636221426;B
20240219;100819;3138.000000000;6;9636221427;B
20240219;100819;3138.000000000;1;9636221428;B
20240219;100823;3138.500000000;13;9636221935;B
20240219;100823;3138.500000000;40;9636222055;B
20240219;100827;3138.000000000;4;9636222585;B
20240219;100827;3137.500000000;2;9636222610;S
20240219;100829;3136.500000000;1;9636222938;S
20240219;100830;3138.000000000;12;9636223156;B
20240219;100830;3138.000000000;6;9636223157;B
20240219;100831;3136.500000000;1;9636223279;S
20240219;100834;3138.500000000;7;9636223573;B
20240219;100837;3136.500000000;30;9636224070;S
20240219;100839;3137.500000000;1;9636224294;B
20240219;100842;3138.000000000;1;9636224765;B
20240219;100845;3137.000000000;1;9636225191;B
20240219;100848;3136.500000000;11;9636225701;B
20240219;100848;3137.000000000;14;9636225702;B
20240219;100855;3137.000000000;30;9636226536;B
20240219;100856;3136.000000000;100;9636226715;S
20240219;100859;3135.500000000;9;9636227196;B
20240219;100859;3135.500000000;10;9636227197;B
20240219;100859;3135.000000000;1;9636227295;S
20240219;100859;3135.000000000;8;9636227296;S
20240219;100900;3135.500000000;5;9636227495;B
20240219;100901;3135.000000000;2;9636227653;S
20240219;100901;3135.000000000;14;9636227654;S
20240219;100903;3134.500000000;2;9636227994;S
20240219;100904;3134.500000000;5;9636228362;S
20240219;100905;3134.500000000;1;9636228633;S
20240219;100906;3135.000000000;1;9636228730;B
20240219;100906;3133.500000000;2;9636228808;S
20240219;100906;3133.500000000;1;9636228809;S
20240219;100906;3133.500000000;10;9636228810;S
20240219;100906;3133.500000000;12;9636228934;S
20240219;100907;3133.500000000;2;9636229146;S
20240219;100907;3133.500000000;76;9636229171;S
20240219;100907;3133.500000000;1;9636229172;S
20240219;100907;3133.000000000;1;9636229173;S
20240219;100907;3133.000000000;25;9636229174;S
20240219;100907;3133.000000000;11;9636229175;S
20240219;100907;3132.500000000;25;9636229176;S
20240219;100907;3132.500000000;1;9636229177;S
20240219;100907;3132.500000000;1;9636229178;S
20240219;100907;3132.500000000;8;9636229179;S
20240219;100907;3132.000000000;1;9636229180;S
20240219;100909;3135.000000000;20;9636229358;B
20240219;100910;3135.000000000;11;9636229517;B
20240219;100910;3135.000000000;5;9636229518;B
20240219;100912;3135.500000000;6;9636229883;B
20240219;100913;3135.000000000;1;9636230032;S
20240219;100914;3135.000000000;2;9636230101;S
20240219;100914;3135.000000000;20;9636230138;S
20240219;100915;3135.000000000;61;9636230286;S
20240219;100915;3134.500000000;1;9636230287;S
20240219;100915;3132.500000000;25;9636230288;S
20240219;100915;3132.500000000;63;9636230289;S
20240219;100915;3132.500000000;1;9636230348;S
20240219;100916;3132.000000000;2;9636230531;S
20240219;100916;3132.000000000;6;9636230532;S
20240219;100917;3132.000000000;1;9636230703;S
20240219;100917;3132.000000000;1;9636230704;S
20240219;100918;3132.500000000;21;9636230754;B
20240219;100918;3133.000000000;5;9636230755;B
20240219;100918;3133.500000000;1;9636230756;B
20240219;100918;3133.000000000;2;9636230777;S
20240219;100918;3133.500000000;1;9636230786;B
20240219;100918;3133.000000000;1;9636230826;S
20240219;100919;3133.000000000;9;9636231031;S
20240219;100919;3133.000000000;1;9636231082;S
20240219;100919;3133.000000000;39;9636231117;S
20240219;100921;3133.000000000;10;9636231259;S
20240219;100921;3133.500000000;2;9636231332;B
20240219;100921;3133.000000000;1;9636231453;S
20240219;100922;3133.500000000;1;9636231555;B
20240219;100922;3133.000000000;3;9636231635;S
20240219;100924;3133.000000000;1;9636231930;S
20240219;100926;3133.000000000;1;9636232475;S
20240219;100926;3133.500000000;1;9636232557;B
20240219;100927;3133.000000000;2;9636232609;S
20240219;100928;3133.500000000;16;9636232789;B
20240219;100928;3133.000000000;1;9636232801;S
20240219;100928;3133.500000000;5;9636232805;B
20240219;100928;3133.000000000;1;9636232863;S
20240219;100928;3133.000000000;2;9636232948;S
20240219;100928;3132.500000000;5;9636232949;S
20240219;100928;3132.000000000;12;9636232950;S
20240219;100929;3132.000000000;2;9636233196;S
20240219;100929;3132.000000000;25;9636233217;S
20240219;100930;3133.500000000;3;9636233236;B
20240219;100930;3134.000000000;4;9636233237;B
20240219;100931;3134.500000000;1;9636233530;B
20240219;100936;3134.500000000;2;9636234477;B
20240219;100936;3134.500000000;5;9636234478;B
20240219;100936;3134.500000000;3;9636234479;B
20240219;100938;3132.000000000;5;9636234983;S
20240219;100940;3132.500000000;1;9636235827;S
20240219;100940;3132.000000000;29;9636235828;S
20240219;100941;3134.500000000;5;9636235917;B
20240219;100941;3134.000000000;2;9636236087;S
20240219;100942;3134.000000000;1;9636236188;S
20240219;100942;3134.000000000;6;9636236456;S
20240219;100943;3134.500000000;2;9636236689;S
20240219;100944;3134.000000000;2;9636236833;S
20240219;100944;3134.000000000;1;9636236936;S
20240219;100945;3134.500000000;2;9636237062;S
20240219;100946;3134.500000000;1;9636237275;S
20240219;100946;3134.500000000;29;9636237348;S
20240219;100946;3134.500000000;3;9636237349;S
20240219;100947;3134.500000000;1;9636237411;S
20240219;100947;3135.000000000;9;9636237418;B
20240219;100947;3134.500000000;20;9636237435;S
20240219;100949;3134.500000000;1;9636237710;S
20240219;100949;3134.500000000;4;9636237711;S
20240219;100949;3135.000000000;5;9636237722;B
20240219;100949;3134.500000000;1;9636237780;S
20240219;100949;3134.500000000;2;9636237781;S
20240219;100950;3135.000000000;1;9636237823;B
20240219;100954;3135.000000000;5;9636238388;B
20240219;100954;3135.000000000;2;9636238389;B
20240219;100954;3135.000000000;3;9636238390;B
20240219;100954;3134.500000000;1;9636238448;S
20240219;100954;3135.000000000;1;9636238543;B
20240219;100956;3135.000000000;1;9636238767;B
20240219;100956;3135.000000000;1;9636238768;B
20240219;100956;3135.000000000;1;9636238858;B
20240219;100958;3135.000000000;1;9636239115;B
20240219;100958;3134.500000000;4;9636239136;S
20240219;100959;3134.500000000;1;9636239245;S
20240219;100959;3135.000000000;1;9636239360;B
20240219;100959;3134.000000000;10;9636239417;S
20240219;101007;3134.000000000;8;9636240679;S
20240219;101008;3135.000000000;1;9636240941;B
20240219;101010;3134.000000000;1;9636241259;S
20240219;101015;3134.000000000;2;9636242001;S
20240219;101016;3134.500000000;1;9636242272;B
20240219;101017;3134.500000000;7;9636242318;B
20240219;101019;3134.000000000;2;9636242695;S
20240219;101031;3134.500000000;1;9636244645;B
20240219;101032;3134.000000000;1;9636244873;S
20240219;101032;3134.500000000;1;9636244877;B
20240219;101032;3134.500000000;1;9636244921;B
20240219;101036;3134.500000000;25;9636245423;B
20240219;101036;3135.000000000;5;9636245424;B
20240219;101036;3135.000000000;1;9636245425;B
20240219;101036;3135.000000000;69;9636245426;B
20240219;101043;3134.500000000;1;9636246445;S
20240219;101045;3134.500000000;6;9636246700;S
20240219;101045;3134.500000000;1;9636246701;S
20240219;101046;3134.500000000;1;9636246881;B
20240219;101055;3134.000000000;4;9636248065;S
20240219;101056;3134.000000000;1;9636248256;S
20240219;101057;3134.500000000;1;9636248378;B
20240219;101059;3134.000000000;14;9636248614;S
20240219;101100;3134.000000000;12;9636248696;S
20240219;101100;3134.500000000;19;9636248852;B
20240219;101101;3134.000000000;100;9636248885;S
20240219;101110;3134.500000000;12;9636250421;B
20240219;101110;3134.000000000;15;9636250426;S
20240219;101112;3134.000000000;18;9636250785;S
20240219;101112;3134.000000000;1;9636250786;S
20240219;101112;3134.000000000;1;9636250787;S
20240219;101112;3134.000000000;4;9636250788;S
20240219;101112;3134.000000000;1;9636250789;S
20240219;101112;3134.000000000;1;9636250790;S
20240219;101112;3134.000000000;5;9636250791;S
20240219;101112;3133.500000000;6;9636250792;S
20240219;101112;3133.500000000;13;9636250793;S
20240219;101113;3134.000000000;12;9636250890;B
20240219;101113;3134.000000000;1;9636250930;B
20240219;101114;3134.000000000;1;9636251010;B
20240219;101115;3134.000000000;31;9636251277;B
20240219;101116;3134.000000000;9;9636251448;B
20240219;101116;3134.000000000;6;9636251449;B
20240219;101116;3134.500000000;15;9636251450;B
20240219;101123;3134.500000000;1;9636252398;B
20240219;101125;3134.500000000;7;9636252929;B
20240219;101127;3134.000000000;15;9636253147;S
20240219;101129;3134.500000000;73;9636253339;B
20240219;101129;3134.500000000;6;9636253340;B
20240219;101129;3135.000000000;23;9636253341;B
20240219;101129;3135.000000000;10;9636253342;B
20240219;101129;3135.000000000;88;9636253343;B
20240219;101137;3134.500000000;5;9636254482;B
20240219;101137;3135.000000000;5;9636254483;B
20240219;101141;3134.500000000;7;9636255188;S
20240219;101142;3134.500000000;1;9636255351;S
20240219;101142;3135.000000000;23;9636255368;B
20240219;101147;3134.500000000;15;9636256155;S
20240219;101148;3135.000000000;40;9636256235;B
20240219;101148;3135.000000000;3;9636256236;B
20240219;101148;3135.000000000;3;9636256247;B
20240219;101149;3134.500000000;4;9636256443;S
20240219;101151;3134.500000000;3;9636256685;B
20240219;101151;3134.500000000;16;9636256793;B
20240219;101154;3134.500000000;7;9636257191;B
20240219;101156;3134.000000000;11;9636257440;S
20240219;101156;3134.500000000;20;9636257481;B
20240219;101157;3134.000000000;6;9636257552;S
20240219;101157;3134.000000000;2;9636257553;S
20240219;101157;3134.000000000;2;9636257554;S
20240219;101158;3134.500000000;1;9636257636;B
20240219;101158;3134.500000000;1;9636257642;B
20240219;101200;3134.500000000;11;9636257836;B
20240219;101201;3134.000000000;1;9636258044;S
20240219;101203;3134.000000000;3;9636258449;S
20240219;101206;3134.500000000;1;9636259140;B
20240219;101206;3134.500000000;5;9636259186;B
20240219;101207;3134.500000000;2;9636259496;B
20240219;101208;3134.500000000;2;9636259537;B
20240219;101208;3134.500000000;1;9636259641;B
20240219;101209;3134.000000000;9;9636259731;S
20240219;101210;3134.000000000;1;9636259957;S
20240219;101210;3134.000000000;3;9636260007;S
20240219;101213;3134.000000000;1;9636260417;S
20240219;101213;3134.500000000;1;9636260523;B
20240219;101217;3134.000000000;1;9636260997;S
20240219;101218;3134.500000000;2;9636261026;B
20240219;101218;3134.500000000;2;9636261027;B
20240219;101218;3134.000000000;4;9636261097;S
20240219;101218;3134.000000000;26;9636261098;S
20240219;101219;3134.000000000;3;9636261231;S
20240219;101219;3134.000000000;32;9636261232;S
20240219;101219;3134.000000000;6;9636261233;S
20240219;101219;3133.500000000;178;9636261234;S
20240219;101219;3133.500000000;3;9636261235;S
20240219;101219;3133.500000000;1;9636261236;S
20240219;101219;3133.000000000;1;9636261316;S
20240219;101219;3133.000000000;14;9636261317;S
20240219;101220;3133.500000000;1;9636261405;B
20240219;101222;3133.500000000;1;9636261649;B
20240219;101226;3134.000000000;13;9636262350;B
20240219;101226;3134.000000000;30;9636262385;B
20240219;101228;3133.500000000;1;9636262775;S
20240219;101230;3133.500000000;1;9636263048;S
20240219;101233;3134.000000000;1;9636263489;B
20240219;101235;3133.500000000;1;9636263941;S
20240219;101236;3134.000000000;1;9636264080;B
20240219;101238;3133.500000000;1;9636264284;S
20240219;101240;3134.000000000;4;9636264521;B
20240219;101240;3134.000000000;24;9636264522;B
20240219;101240;3134.000000000;2;9636264523;B
20240219;101246;3133.500000000;1;9636265690;S
20240219;101247;3133.500000000;1;9636265777;S
20240219;101248;3133.500000000;3;9636265890;S
20240219;101249;3133.500000000;41;9636265983;S
20240219;101249;3133.000000000;1;9636265984;S
20240219;101251;3133.000000000;1;9636266138;S
20240219;101252;3133.000000000;4;9636266321;S
20240219;101252;3133.000000000;32;9636266322;S
20240219;101252;3132.500000000;1;9636266323;S
20240219;101252;3132.500000000;9;9636266324;S
20240219;101252;3132.500000000;2;9636266329;S
20240219;101259;3133.500000000;1;9636267163;B
20240219;101301;3133.000000000;3;9636267302;S
20240219;101301;3133.500000000;1;9636267377;B
20240219;101306;3133.500000000;2;9636267999;B
20240219;101306;3133.500000000;12;9636268050;B
20240219;101310;3133.500000000;6;9636268500;B
20240219;101310;3133.500000000;23;9636268501;B
20240219;101310;3133.500000000;3;9636268502;B
20240219;101310;3133.000000000;7;9636268511;S
20240219;101310;3133.000000000;1;9636268512;S
20240219;101310;3132.500000000;3;9636268513;S
20240219;101310;3132.500000000;10;9636268514;S
20240219;101312;3132.500000000;5;9636268966;S
20240219;101314;3132.500000000;25;9636269309;S
20240219;101314;3132.500000000;25;9636269310;S
20240219;101314;3133.000000000;25;9636269371;B
20240219;101314;3133.000000000;6;9636269372;B
20240219;101315;3133.000000000;1;9636269424;S
20240219;101317;3133.500000000;2;9636269672;B
20240219;101317;3133.000000000;2;9636269728;S
20240219;101318;3133.500000000;4;9636269804;B
20240219;101318;3133.000000000;1;9636269817;S
20240219;101323;3133.000000000;9;9636270561;S
20240219;101323;3133.000000000;3;9636270576;S
20240219;101326;3133.500000000;6;9636270944;B
20240219;101327;3133.500000000;1;9636271188;B
20240219;101328;3133.500000000;1;9636271295;B
20240219;101328;3133.000000000;2;9636271344;S
20240219;101329;3133.500000000;1;9636271524;B
20240219;101330;3133.000000000;1;9636271572;S
20240219;101334;3133.000000000;6;9636272194;B
20240219;101334;3133.000000000;1;9636272195;B
20240219;101335;3132.500000000;28;9636272438;S
20240219;101336;3133.000000000;1;9636272457;B
20240219;101336;3132.500000000;1;9636272481;S
20240219;101336;3133.000000000;20;9636272498;B
20240219;101337;3133.000000000;8;9636272570;B
20240219;101337;3133.000000000;6;9636272571;B
20240219;101337;3133.000000000;1;9636272572;B
20240219;101338;3133.000000000;2;9636272597;S
20240219;101338;3132.500000000;23;9636272598;S
20240219;101339;3132.500000000;18;9636272757;S
20240219;101340;3133.000000000;1;9636272812;B
20240219;101340;3132.500000000;34;9636272870;S
20240219;101340;3133.000000000;1;9636272915;B
20240219;101340;3133.000000000;4;9636272916;B
20240219;101341;3133.000000000;2;9636272966;B
20240219;101341;3133.000000000;1;9636272992;B
20240219;101345;3132.500000000;40;9636273551;S
20240219;101346;3132.500000000;31;9636273590;S
20240219;101346;3132.000000000;15;9636273591;S
20240219;101348;3133.500000000;32;9636274128;B
20240219;101348;3133.500000000;6;9636274129;B
20240219;101348;3134.000000000;56;9636274130;B
20240219;101348;3133.500000000;1;9636274472;B
20240219;101354;3132.500000000;41;9636275508;S
20240219;101354;3132.000000000;6;9636275509;S
20240219;101354;3132.000000000;1;9636275510;S
20240219;101354;3132.000000000;2;9636275511;S
20240219;101354;3132.000000000;1;9636275512;S
20240219;101354;3132.000000000;1;9636275513;S
20240219;101354;3132.000000000;5;9636275514;S
20240219;101354;3132.000000000;30;9636275515;S
20240219;101354;3132.000000000;10;9636275516;S
20240219;101354;3132.000000000;1;9636275517;S
20240219;101354;3132.000000000;2;9636275518;S
20240219;101356;3132.500000000;21;9636275795;S
20240219;101357;3133.500000000;2;9636276026;B
20240219;101402;3133.000000000;1;9636276807;B
20240219;101402;3132.500000000;2;9636276832;S
20240219;101403;3132.500000000;1;9636277051;S
20240219;101404;3133.000000000;6;9636277292;B
20240219;101404;3133.000000000;4;9636277293;S
20240219;101404;3133.000000000;10;9636277294;S
20240219;101406;3133.000000000;6;9636277604;B
20240219;101410;3132.500000000;50;9636278072;S
20240219;101410;3132.500000000;1;9636278106;S
20240219;101410;3132.500000000;1;9636278141;S
20240219;101412;3133.000000000;10;9636278321;B
20240219;101412;3133.000000000;5;9636278322;B
20240219;101412;3133.500000000;29;9636278323;B
20240219;101412;3133.500000000;6;9636278324;B
20240219;101414;3132.500000000;4;9636278805;S
20240219;101416;3133.000000000;32;9636279042;B
20240219;101416;3133.000000000;1;9636279106;B
20240219;101417;3132.500000000;10;9636279142;S
20240219;101418;3133.000000000;1;9636279277;S
20240219;101419;3133.000000000;9;9636279484;S
20240219;101419;3132.500000000;13;9636279485;S
20240219;101419;3132.500000000;25;9636279486;S
20240219;101419;3132.500000000;1;9636279487;S
20240219;101419;3132.500000000;2;9636279488;S
20240219;101421;3132.500000000;1;9636279954;B
20240219;101423;3132.500000000;10;9636280141;B
20240219;101423;3132.000000000;2;9636280153;S
20240219;101425;3132.500000000;8;9636280519;B
20240219;101425;3133.000000000;4;9636280612;S
20240219;101426;3133.000000000;1;9636280772;S
20240219;101426;3133.500000000;1;9636280829;B
20240219;101426;3133.500000000;4;9636280830;B
20240219;101429;3132.500000000;3;9636281192;B
20240219;101429;3132.000000000;25;9636281256;S
20240219;101430;3133.000000000;1;9636281353;B
20240219;101431;3132.500000000;1;9636281493;S
20240219;101431;3133.500000000;1;9636281633;B
20240219;101431;3133.500000000;1;9636281746;B
20240219;101431;3133.500000000;25;9636281747;B
20240219;101433;3132.500000000;1;9636281931;B
20240219;101434;3132.500000000;1;9636282230;B
20240219;101435;3132.000000000;15;9636282358;S
20240219;101436;3132.000000000;10;9636282666;S
20240219;101438;3131.500000000;100;9636283259;S
20240219;101438;3131.500000000;100;9636283260;S
20240219;101438;3131.500000000;50;9636283261;S
20240219;101438;3131.500000000;250;9636283262;S
20240219;101439;3131.500000000;50;9636283352;S
20240219;101439;3131.500000000;500;9636283369;S
20240219;101439;3131.500000000;120;9636283374;S
20240219;101439;3131.500000000;80;9636283378;S
20240219;101439;3131.500000000;5;9636283379;S
20240219;101439;3131.500000000;3;9636283380;S
20240219;101439;3131.500000000;25;9636283381;S
20240219;101439;3131.500000000;10;9636283412;B
20240219;101440;3131.000000000;10;9636283467;S
20240219;101440;3131.500000000;2;9636283490;B
20240219;101440;3131.000000000;50;9636283518;S
20240219;101440;3131.000000000;48;9636283543;S
20240219;101442;3131.000000000;2;9636283851;S
20240219;101442;3131.500000000;1;9636283897;B
20240219;101444;3131.000000000;1;9636284195;S
20240219;101444;3131.500000000;24;9636284202;B
20240219;101444;3131.000000000;1;9636284240;S
20240219;101445;3131.000000000;1;9636284338;S
20240219;101446;3131.000000000;1;9636284738;S
20240219;101447;3131.000000000;1;9636284821;S
20240219;101447;3131.500000000;2;9636284828;B
20240219;101447;3131.500000000;4;9636284829;B
20240219;101447;3131.000000000;1;9636284915;S
20240219;101447;3131.500000000;5;9636284924;B
20240219;101448;3131.000000000;5;9636285114;S
20240219;101449;3131.000000000;26;9636285177;S
20240219;101449;3131.000000000;15;9636285195;S
20240219;101449;3131.000000000;29;9636285339;S
20240219;101450;3131.000000000;10;9636285590;S
20240219;101451;3131.000000000;10;9636285789;S
20240219;101451;3131.000000000;5;9636286005;S
20240219;101451;3131.000000000;100;9636286039;S
20240219;101451;3131.000000000;2;9636286040;S
20240219;101451;3131.000000000;9;9636286041;S
20240219;101451;3131.000000000;673;9636286182;S
20240219;101451;3131.000000000;10;9636286183;S
20240219;101451;3131.000000000;20;9636286184;S
20240219;101451;3131.000000000;10;9636286185;S
20240219;101451;3131.000000000;5;9636286186;S
20240219;101451;3131.000000000;4;9636286187;S
20240219;101451;3131.000000000;1;9636286188;S
20240219;101451;3131.000000000;10;9636286189;S
20240219;101451;3131.000000000;1;9636286190;S
20240219;101451;3131.000000000;3;9636286191;S
20240219;101451;3131.000000000;100;9636286192;S
20240219;101451;3131.000000000;25;9636286193;S
20240219;101451;3130.500000000;1;9636286194;S
20240219;101451;3130.000000000;2;9636286195;S
20240219;101451;3130.000000000;2;9636286196;S
20240219;101451;3130.000000000;1;9636286197;S
20240219;101451;3130.000000000;2;9636286198;S
20240219;101451;3130.000000000;1;9636286199;S
20240219;101451;3129.000000000;12;9636286204;S
20240219;101451;3128.000000000;10;9636286205;S
20240219;101451;3128.000000000;1;9636286206;S
20240219;101451;3128.000000000;77;9636286207;S
20240219;101452;3128.000000000;23;9636286219;S
20240219;101452;3128.000000000;1;9636286220;S
20240219;101452;3128.000000000;25;9636286221;S
20240219;101452;3127.500000000;5;9636286222;S
20240219;101452;3127.500000000;33;9636286223;S
20240219;101452;3127.000000000;3;9636286224;S
20240219;101452;3127.000000000;49;9636286225;S
20240219;101452;3127.000000000;1;9636286226;S
20240219;101452;3127.000000000;5;9636286227;S
20240219;101452;3127.000000000;2;9636286233;S
20240219;101452;3127.000000000;16;9636286337;S
20240219;101452;3127.000000000;9;9636286366;S
20240219;101452;3126.500000000;1;9636286367;S
20240219;101452;3126.500000000;10;9636286368;S
20240219;101452;3126.500000000;10;9636286397;S
20240219;101453;3127.000000000;7;9636286454;B
20240219;101453;3126.500000000;1;9636286556;S
20240219;101454;3126.500000000;1;9636286716;S
20240219;101454;3126.500000000;1;9636286784;S
20240219;101454;3126.500000000;1;9636286794;S
20240219;101455;3127.000000000;1;9636286907;B
20240219;101458;3127.000000000;2;9636287449;B
20240219;101458;3127.000000000;7;9636287450;B
20240219;101458;3127.000000000;2;9636287451;B
20240219;101458;3126.500000000;1;9636287479;S
20240219;101459;3126.500000000;5;9636287626;S
20240219;101500;3127.000000000;2;9636287820;B
20240219;101501;3126.500000000;1;9636288192;S
20240219;101501;3127.000000000;1;9636288258;B
20240219;101502;3127.000000000;1;9636288375;B
20240219;101504;3126.500000000;1;9636288879;S
20240219;101504;3126.500000000;1;9636288925;S
20240219;101505;3127.000000000;1;9636289207;B
20240219;101506;3127.000000000;23;9636289415;B
20240219;101506;3127.000000000;22;9636289416;B
20240219;101506;3127.000000000;1;9636289471;B
20240219;101512;3127.500000000;5;9636291081;S
20240219;101514;3128.000000000;5;9636291672;S
20240219;101514;3127.500000000;5;9636291673;S
20240219;101514;3127.500000000;7;9636291674;S
20240219;101514;3127.000000000;32;9636291675;S
20240219;101514;3127.000000000;10;9636291676;S
20240219;101514;3127.000000000;1;9636291677;S
20240219;101515;3127.000000000;10;9636291919;B
20240219;101515;3126.500000000;3;9636291920;S
20240219;101516;3127.000000000;1;9636292080;B
20240219;101517;3127.000000000;30;9636292385;B
20240219;101519;3127.000000000;1;9636292918;B
20240219;101520;3126.500000000;1;9636293235;S
20240219;101520;3126.500000000;3;9636293236;S
20240219;101521;3126.500000000;3;9636293393;S
20240219;101521;3127.000000000;6;9636293565;B
20240219;101522;3127.000000000;1;9636293726;B
20240219;101522;3126.500000000;1;9636293732;S
20240219;101522;3126.500000000;15;9636293786;S
20240219;101524;3126.500000000;1;9636294312;S
20240219;101526;3127.000000000;1;9636294892;B
20240219;101526;3126.500000000;5;9636294919;S
20240219;101526;3126.500000000;44;9636295007;S
20240219;101526;3126.500000000;32;9636295008;S
20240219;101526;3126.500000000;10;9636295009;S
20240219;101526;3126.000000000;5;9636295010;S
20240219;101526;3126.000000000;4;9636295011;S
20240219;101528;3126.000000000;45;9636295316;S
20240219;101528;3126.500000000;1;9636295317;B
20240219;101528;3126.000000000;1;9636295476;S
20240219;101529;3126.500000000;1;9636295582;B
20240219;101529;3126.500000000;1;9636295707;B
20240219;101529;3126.500000000;1;9636295740;B
20240219;101533;3126.000000000;5;9636296759;S
20240219;101535;3126.500000000;1;9636297093;B
20240219;101535;3126.500000000;9;9636297135;B
20240219;101535;3126.500000000;10;9636297136;B
20240219;101535;3126.500000000;2;9636297232;B
20240219;101535;3126.000000000;40;9636297287;S
20240219;101536;3126.500000000;1;9636297475;B
20240219;101536;3126.500000000;1;9636297495;B
20240219;101536;3126.000000000;1;9636297538;S
20240219;101537;3126.500000000;1;9636297610;B
20240219;101538;3126.000000000;1;9636298011;S
20240219;101539;3126.000000000;10;9636298236;S
20240219;101539;3126.000000000;1;9636298304;S
20240219;101540;3126.500000000;2;9636298381;B
20240219;101542;3126.500000000;2;9636298877;B
20240219;101542;3126.500000000;5;9636298878;B
20240219;101542;3126.500000000;10;9636298879;B
20240219;101542;3127.000000000;13;9636298880;B
20240219;101544;3126.500000000;10;9636299352;S
20240219;101544;3126.000000000;100;9636299525;S
20240219;101545;3126.000000000;100;9636299655;S
20240219;101545;3126.500000000;2;9636299743;B
20240219;101546;3126.000000000;5;9636299930;S
20240219;101546;3126.000000000;50;9636299952;S
20240219;101546;3126.500000000;1;9636299998;B
20240219;101546;3126.500000000;1;9636300000;B
20240219;101547;3126.000000000;5;9636300135;S
20240219;101547;3126.000000000;5;9636300353;S
20240219;101548;3126.000000000;5;9636300566;S
20240219;101548;3126.000000000;4;9636300676;S
20240219;101549;3126.000000000;2;9636300734;S
20240219;101549;3126.500000000;1;9636300762;B
20240219;101549;3126.500000000;1;9636300916;B
20240219;101550;3126.000000000;5;9636301068;S
20240219;101551;3126.500000000;3;9636301241;B
20240219;101551;3126.000000000;7;9636301349;S
20240219;101552;3126.500000000;2;9636301458;B
20240219;101552;3126.000000000;25;9636301501;S
20240219;101552;3126.000000000;29;9636301502;S
20240219;101552;3126.000000000;2;9636301503;S
20240219;101552;3126.000000000;8;9636301504;S
20240219;101552;3125.500000000;1;9636301525;S
20240219;101552;3125.500000000;2;9636301662;S
20240219;101552;3125.000000000;2;9636301663;S
20240219;101552;3125.000000000;1;9636301664;S
20240219;101553;3125.000000000;1;9636301688;S
20240219;101553;3125.000000000;1;9636301689;S
20240219;101553;3125.000000000;3;9636301690;S
20240219;101553;3125.000000000;5;9636301691;S
20240219;101553;3125.000000000;25;9636301692;S
20240219;101553;3125.000000000;25;9636301694;S
20240219;101553;3125.000000000;25;9636301757;S
20240219;101553;3125.000000000;14;9636301787;S
20240219;101553;3125.000000000;5;9636301790;S
20240219;101553;3125.000000000;56;9636301801;S
20240219;101553;3124.500000000;7;9636301802;S
20240219;101553;3124.000000000;1;9636301803;S
20240219;101553;3124.000000000;1;9636301804;S
20240219;101553;3124.000000000;2;9636301805;S
20240219;101553;3124.000000000;2;9636301806;S
20240219;101553;3124.000000000;31;9636301807;S
20240219;101553;3124.000000000;22;9636301812;S
20240219;101553;3124.000000000;47;9636301817;S
20240219;101553;3124.000000000;79;9636301818;S
20240219;101553;3123.500000000;3;9636301819;S
20240219;101553;3123.500000000;6;9636301820;S
20240219;101553;3123.500000000;7;9636301821;S
20240219;101553;3123.000000000;25;9636301822;S
20240219;101553;3123.000000000;100;9636301823;S
20240219;101553;3122.500000000;50;9636301824;S
20240219;101553;3122.500000000;4;9636301825;S
20240219;101553;3122.500000000;9;9636301826;S
20240219;101553;3122.500000000;3;9636301827;S
20240219;101553;3123.000000000;79;9636301858;S
20240219;101553;3122.500000000;9;9636301859;S
20240219;101553;3122.500000000;7;9636301860;S
20240219;101553;3122.000000000;1;9636301861;S
20240219;101553;3122.500000000;80;9636301862;S
20240219;101553;3122.500000000;25;9636301863;S
20240219;101553;3122.000000000;32;9636301864;S
20240219;101553;3121.500000000;1;9636301865;S
20240219;101553;3121.500000000;62;9636301866;S
20240219;101553;3122.000000000;23;9636301912;S
20240219;101553;3122.000000000;20;9636301915;S
20240219;101553;3122.000000000;3;9636301918;S
20240219;101553;3121.500000000;10;9636301919;S
20240219;101553;3121.500000000;11;9636301960;S
20240219;101553;3121.000000000;1;9636301961;S
20240219;101553;3121.000000000;1;9636301962;S
20240219;101553;3121.000000000;10;9636301963;S
20240219;101553;3121.000000000;15;9636301964;S
20240219;101553;3121.000000000;7;9636301965;S
20240219;101553;3121.000000000;2;9636301966;S
20240219;101553;3121.000000000;25;9636301967;S
20240219;101553;3121.000000000;10;9636301968;S
20240219;101553;3121.000000000;18;9636301969;S
20240219;101554;3121.000000000;32;9636302043;S
20240219;101554;3121.000000000;33;9636302044;S
20240219;101554;3121.000000000;47;9636302046;S
20240219;101554;3121.000000000;32;9636302047;S
20240219;101554;3120.500000000;50;9636302048;S
20240219;101554;3120.500000000;4;9636302049;S
20240219;101554;3120.500000000;2;9636302050;S
20240219;101554;3120.500000000;57;9636302051;S
20240219;101554;3120.500000000;5;9636302052;S
20240219;101554;3120.500000000;1;9636302053;S
20240219;101554;3120.500000000;2;9636302054;S
20240219;101554;3120.500000000;100;9636302055;S
20240219;101554;3120.500000000;100;9636302056;S
20240219;101554;3120.500000000;7;9636302057;S
20240219;101554;3120.500000000;15;9636302058;S
20240219;101554;3120.500000000;10;9636302059;S
20240219;101554;3120.000000000;7;9636302060;S
20240219;101554;3120.000000000;161;9636302061;S
20240219;101554;3120.000000000;7;9636302062;S
20240219;101554;3120.000000000;1;9636302063;S
20240219;101554;3120.000000000;48;9636302065;S
20240219;101554;3121.000000000;1;9636302080;S
20240219;101554;3120.000000000;24;9636302081;S
20240219;101554;3121.000000000;5;9636302135;S
20240219;101554;3120.000000000;1;9636302136;S
20240219;101554;3120.000000000;168;9636302194;S
20240219;101554;3121.500000000;1;9636302198;B
20240219;101554;3122.000000000;38;9636302199;B
20240219;101554;3122.000000000;10;9636302200;B
20240219;101555;3124.500000000;2;9636302275;B
20240219;101556;3122.000000000;1;9636302530;S
20240219;101559;3124.000000000;1;9636303252;S
20240219;101559;3124.000000000;1;9636303253;S
20240219;101603;3122.500000000;5;9636304250;S
20240219;101606;3122.500000000;27;9636304915;S
20240219;101606;3122.500000000;20;9636304916;S
20240219;101606;3122.500000000;20;9636304917;S
20240219;101606;3122.500000000;10;9636304918;S
20240219;101606;3122.000000000;49;9636304919;S
20240219;101606;3122.000000000;15;9636304920;S
20240219;101606;3122.000000000;5;9636305212;S
20240219;101606;3122.000000000;32;9636305213;S
20240219;101606;3121.500000000;10;9636305214;S
20240219;101606;3121.500000000;13;9636305215;S
20240219;101607;3121.000000000;1;9636305434;S
20240219;101607;3121.000000000;4;9636305435;S
20240219;101608;3122.000000000;2;9636305577;S
20240219;101609;3121.000000000;1;9636306315;B
20240219;101610;3121.000000000;1;9636306933;B
20240219;101611;3121.000000000;1;9636307452;B
20240219;101611;3120.500000000;1;9636307524;S
20240219;101612;3120.500000000;1;9636307678;S
20240219;101612;3120.500000000;1;9636307679;S
20240219;101612;3120.500000000;1;9636307732;S
20240219;101613;3120.500000000;198;9636307860;S
20240219;101613;3120.500000000;200;9636307914;S
20240219;101613;3121.000000000;1;9636308016;B
20240219;101613;3121.000000000;1;9636308040;B
20240219;101613;3121.000000000;9;9636308041;B
20240219;101614;3120.500000000;30;9636308134;S
20240219;101614;3120.500000000;8;9636308137;S
20240219;101614;3120.500000000;1;9636308144;S
20240219;101614;3120.500000000;2;9636308158;S
20240219;101616;3120.500000000;15;9636308779;S
20240219;101616;3120.500000000;44;9636308782;S
20240219;101616;3120.500000000;10;9636308783;S
20240219;101616;3120.500000000;1;9636308784;S
20240219;101616;3120.500000000;4;9636308785;S
20240219;101617;3120.000000000;130;9636308954;S
20240219;101617;3120.000000000;38;9636309224;S
20240219;101618;3120.000000000;1;9636309301;S
20240219;101620;3120.000000000;15;9636309955;S
20240219;101621;3120.000000000;1;9636310271;S
20240219;101621;3120.500000000;12;9636310348;B
20240219;101622;3120.500000000;30;9636310586;B
20240219;101623;3120.000000000;98;9636310669;S
20240219;101623;3120.000000000;40;9636310713;S
20240219;101623;3120.500000000;1;9636310762;B
20240219;101623;3120.000000000;200;9636310810;S
20240219;101623;3120.500000000;1;9636310900;B
20240219;101624;3120.000000000;30;9636310962;S
20240219;101624;3120.000000000;40;9636310980;S
20240219;101624;3120.000000000;7;9636311043;S
20240219;101625;3120.000000000;30;9636311199;S
20240219;101625;3120.000000000;2;9636311235;S
20240219;101626;3120.000000000;1;9636311446;S
20240219;101627;3120.000000000;3;9636311543;S
20240219;101627;3120.000000000;1;9636311730;S
20240219;101628;3120.000000000;77;9636311824;S
20240219;101628;3120.000000000;5;9636311852;S
20240219;101628;3120.500000000;2;9636311869;B
20240219;101629;3120.000000000;19;9636312020;S
20240219;101629;3120.500000000;6;9636312152;B
20240219;101630;3120.000000000;1;9636312331;S
20240219;101631;3120.000000000;44;9636312483;S
20240219;101631;3120.500000000;2;9636312572;B
20240219;101632;3120.000000000;10;9636312770;S
20240219;101632;3120.000000000;250;9636312889;S
20240219;101633;3120.000000000;50;9636312979;S
20240219;101633;3120.000000000;20;9636312998;S
20240219;101633;3120.000000000;30;9636313013;S
20240219;101633;3120.500000000;3;9636313042;B
20240219;101633;3120.000000000;50;9636313074;S
20240219;101634;3120.000000000;30;9636313264;S
20240219;101634;3120.000000000;6;9636313285;S
20240219;101634;3120.000000000;28;9636313289;S
20240219;101634;3120.000000000;8;9636313292;S
20240219;101634;3120.000000000;30;9636313293;S
20240219;101634;3120.000000000;20;9636313302;S
20240219;101634;3120.500000000;1;9636313314;B
20240219;101634;3120.000000000;1325;9636313321;S
20240219;101634;3120.000000000;20;9636313322;S
20240219;101634;3120.000000000;1;9636313323;S
20240219;101634;3120.000000000;1;9636313324;S
20240219;101634;3120.000000000;4;9636313325;S
20240219;101634;3120.000000000;1;9636313326;S
20240219;101634;3120.000000000;25;9636313327;S
20240219;101634;3120.000000000;1;9636313328;S
20240219;101634;3120.000000000;30;9636313329;S
20240219;101634;3120.000000000;92;9636313330;S
20240219;101634;3120.000000000;50;9636313331;S
20240219;101634;3120.000000000;8;9636313332;S
20240219;101634;3120.000000000;7;9636313354;S
20240219;101634;3120.000000000;43;9636313382;S
20240219;101634;3120.000000000;5;9636313383;S
20240219;101634;3120.000000000;2;9636313384;S
20240219;101635;3120.000000000;1;9636313427;S
20240219;101635;3120.000000000;1;9636313432;S
20240219;101635;3120.000000000;3;9636313434;S
20240219;101635;3120.000000000;1;9636313435;S
20240219;101635;3120.000000000;10;9636313436;S
20240219;101635;3120.000000000;5;9636313437;S
20240219;101635;3120.000000000;31;9636313438;S
20240219;101635;3120.000000000;2;9636313439;S
20240219;101635;3120.000000000;2;9636313440;S
20240219;101635;3120.000000000;2;9636313441;S
20240219;101635;3120.000000000;4;9636313442;S
20240219;101635;3120.000000000;16;9636313462;S
20240219;101635;3119.000000000;14;9636313463;S
20240219;101635;3118.500000000;10;9636313464;S
20240219;101635;3118.500000000;2;9636313477;S
20240219;101635;3118.500000000;18;9636313479;S
20240219;101635;3118.000000000;2;9636313480;S
20240219;101635;3118.000000000;20;9636313481;S
20240219;101635;3118.000000000;30;9636313517;S
20240219;101635;3118.000000000;1;9636313518;S
20240219;101635;3118.000000000;7;9636313519;S
20240219;101635;3117.500000000;3;9636313520;S
20240219;101635;3117.500000000;3;9636313521;S
20240219;101635;3117.500000000;56;9636313522;S
20240219;101635;3117.500000000;11;9636313535;S
20240219;101635;3117.500000000;1;9636313564;S
20240219;101635;3117.500000000;32;9636313637;S
20240219;101635;3117.000000000;1;9636313638;S
20240219;101635;3117.000000000;17;9636313639;S
20240219;101635;3117.000000000;3;9636313651;S
20240219;101635;3116.500000000;14;9636313652;S
20240219;101636;3118.000000000;1;9636313677;B
20240219;101636;3118.000000000;5;9636313678;B
20240219;101636;3116.500000000;2;9636313682;S
20240219;101636;3117.500000000;1;9636313780;S
20240219;101637;3117.000000000;10;9636313929;B
20240219;101637;3117.000000000;5;9636313958;B
20240219;101638;3116.000000000;5;9636314821;S
20240219;101638;3116.000000000;1;9636314825;S
20240219;101638;3116.000000000;5;9636314993;S
20240219;101638;3116.500000000;1;9636315011;B
20240219;101638;3116.500000000;1;9636315012;B
20240219;101639;3116.000000000;10;9636315037;S
20240219;101639;3116.500000000;10;9636315104;S
20240219;101639;3116.500000000;5;9636315125;S
20240219;101639;3116.500000000;10;9636315158;S
20240219;101639;3116.500000000;1;9636315185;S
20240219;101640;3116.500000000;5;9636315229;S
20240219;101640;3116.500000000;3;9636315251;S
20240219;101640;3116.500000000;32;9636315252;S
20240219;101640;3116.000000000;50;9636315253;S
20240219;101640;3115.500000000;15;9636315254;S
20240219;101640;3116.000000000;22;9636315291;S
20240219;101640;3115.500000000;86;9636315403;S
20240219;101640;3116.500000000;1;9636315424;B
20240219;101641;3115.500000000;2;9636315631;S
20240219;101641;3116.000000000;1;9636315706;B
20240219;101642;3115.500000000;10;9636315823;S
20240219;101643;3115.500000000;5;9636316022;S
20240219;101643;3115.500000000;7;9636316105;S
20240219;101643;3115.500000000;4;9636316107;S
20240219;101644;3116.000000000;4;9636316235;B
20240219;101644;3116.000000000;1;9636316236;B
20240219;101644;3116.000000000;5;9636316237;B
20240219;101644;3116.000000000;5;9636316238;B
20240219;101644;3115.500000000;12;9636316249;S
20240219;101645;3116.000000000;5;9636316434;B
20240219;101645;3116.500000000;16;9636316435;B
20240219;101645;3116.500000000;14;9636316436;B
20240219;101645;3116.500000000;7;9636316546;S
20240219;101645;3117.000000000;1;9636316547;B
20240219;101646;3116.500000000;58;9636316808;S
20240219;101646;3116.000000000;14;9636316809;S
20240219;101646;3116.000000000;15;9636316810;S
20240219;101647;3116.500000000;5;9636316946;S
20240219;101647;3116.000000000;5;9636317123;S
20240219;101648;3116.000000000;5;9636317247;S
20240219;101648;3116.000000000;5;9636317344;S
20240219;101649;3116.000000000;5;9636317408;S
20240219;101649;3116.000000000;5;9636317480;S
20240219;101649;3116.000000000;5;9636317539;S
20240219;101650;3116.000000000;3;9636317680;S
20240219;101650;3116.000000000;2;9636317681;S
20240219;101650;3116.000000000;5;9636317874;S
20240219;101651;3116.000000000;3;9636317954;S
20240219;101651;3116.000000000;2;9636318256;B
20240219;101651;3116.000000000;2;9636318257;B
20240219;101651;3116.000000000;7;9636318258;B
20240219;101654;3116.000000000;11;9636319051;S
20240219;101655;3116.000000000;10;9636319248;S
20240219;101655;3116.000000000;1;9636319264;S
20240219;101656;3116.000000000;3;9636319426;S
20240219;101657;3116.000000000;1;9636319745;S
20240219;101657;3116.500000000;5;9636319746;B
20240219;101657;3116.500000000;5;9636319747;B
20240219;101657;3116.000000000;13;9636319784;S
20240219;101657;3116.000000000;29;9636319785;S
20240219;101658;3116.500000000;1;9636319869;B
20240219;101658;3116.000000000;1;9636319933;S
20240219;101658;3116.000000000;4;9636319934;S
20240219;101658;3116.000000000;3;9636320014;S
20240219;101658;3116.000000000;4;9636320015;S
20240219;101658;3115.500000000;1;9636320016;S
20240219;101659;3115.500000000;16;9636320271;S
20240219;101659;3115.500000000;25;9636320356;S
20240219;101659;3115.500000000;2;9636320374;S
20240219;101700;3116.000000000;5;9636320547;B
20240219;101700;3116.000000000;1;9636320548;B
20240219;101700;3116.000000000;6;9636320549;B
20240219;101700;3116.000000000;10;9636320744;S
20240219;101700;3116.000000000;10;9636320910;S
20240219;101700;3116.000000000;10;9636321058;S
20240219;101700;3116.000000000;5;9636321077;S
20240219;101701;3116.000000000;3;9636321176;S
20240219;101701;3116.000000000;7;9636321177;S
20240219;101701;3116.000000000;10;9636321406;S
20240219;101701;3116.000000000;6;9636321555;S
20240219;101702;3115.500000000;50;9636321869;S
20240219;101702;3115.500000000;6;9636321871;S
20240219;101702;3115.500000000;1;9636322088;S
20240219;101703;3116.000000000;1;9636322276;B
20240219;101703;3116.000000000;9;9636322346;B
20240219;101703;3116.000000000;30;9636322347;B
20240219;101703;3116.000000000;10;9636322348;B
20240219;101703;3116.000000000;1;9636322349;B
20240219;101703;3115.500000000;1;9636322398;S
20240219;101703;3115.500000000;5;9636322399;S
20240219;101703;3115.000000000;3;9636322400;S
20240219;101703;3115.000000000;10;9636322401;S
20240219;101703;3115.000000000;30;9636322402;S
20240219;101703;3115.000000000;1;9636322403;S
20240219;101703;3115.000000000;4;9636322452;S
20240219;101703;3115.000000000;16;9636322453;S
20240219;101703;3115.000000000;15;9636322501;S
20240219;101703;3115.000000000;1;9636322536;S
20240219;101703;3115.000000000;20;9636322537;S
20240219;101704;3115.500000000;2;9636322703;B
20240219;101704;3115.500000000;3;9636322717;B
20240219;101704;3115.000000000;19;9636322718;S
20240219;101704;3115.500000000;1;9636322771;B
20240219;101704;3115.000000000;53;9636322772;S
20240219;101704;3115.000000000;25;9636322783;S
20240219;101704;3115.000000000;1;9636322784;S
20240219;101704;3115.000000000;10;9636322868;S
20240219;101704;3115.000000000;9;9636322882;S
20240219;101704;3115.000000000;1;9636322883;S
20240219;101704;3115.000000000;1;9636322999;S
20240219;101704;3115.000000000;4;9636323059;S
20240219;101704;3115.000000000;2;9636323107;S
20240219;101705;3115.000000000;30;9636323230;S
20240219;101705;3115.000000000;1;9636323231;S
20240219;101705;3115.000000000;10;9636323374;S
20240219;101705;3115.000000000;13;9636323375;S
20240219;101705;3115.000000000;14;9636323445;S
20240219;101705;3115.500000000;1;9636323520;B
20240219;101705;3115.000000000;1;9636323554;S
20240219;101706;3115.500000000;1;9636323632;B
20240219;101706;3115.000000000;12;9636323740;S
20240219;101706;3115.000000000;2;9636323741;S
20240219;101706;3115.000000000;1;9636323790;S
20240219;101707;3115.000000000;5;9636323973;S
20240219;101707;3115.000000000;150;9636323974;S
20240219;101707;3115.000000000;1;9636323975;S
20240219;101707;3114.500000000;1;9636323976;S
20240219;101707;3114.000000000;2;9636323977;S
20240219;101707;3114.000000000;1;9636323978;S
20240219;101707;3114.000000000;14;9636323979;S
20240219;101707;3113.000000000;25;9636323980;S
20240219;101707;3112.500000000;1;9636323981;S
20240219;101707;3112.500000000;1;9636323982;S
20240219;101707;3112.500000000;100;9636323983;S
20240219;101707;3112.500000000;80;9636323984;S
20240219;101707;3112.000000000;30;9636323985;S
20240219;101707;3111.500000000;57;9636323986;S
20240219;101707;3111.500000000;15;9636323987;S
20240219;101707;3111.000000000;1;9636323988;S
20240219;101707;3111.000000000;25;9636323989;S
20240219;101707;3111.000000000;2;9636323990;S
20240219;101707;3110.500000000;8;9636323991;S
20240219;101707;3110.500000000;32;9636323992;S
20240219;101707;3110.500000000;49;9636323993;S
20240219;101707;3111.000000000;14;9636324000;S
20240219;101707;3111.000000000;16;9636324050;S
20240219;101707;3111.000000000;16;9636324161;S
20240219;101708;3111.000000000;5;9636324319;S
20240219;101708;3111.000000000;10;9636324341;S
20240219;101708;3111.500000000;1;9636324524;S
20240219;101708;3111.500000000;4;9636324525;S
20240219;101708;3111.500000000;10;9636324595;S
20240219;101708;3111.500000000;5;9636324681;S
20240219;101709;3111.500000000;1;9636324768;S
20240219;101709;3111.000000000;4;9636324769;S
20240219;101709;3111.000000000;1;9636324934;S
20240219;101709;3111.000000000;1;9636324935;S
20240219;101709;3111.000000000;3;9636324936;S
20240219;101710;3111.500000000;5;9636325002;B
20240219;101710;3111.500000000;30;9636325015;B
20240219;101710;3111.000000000;5;9636325023;S
20240219;101710;3111.500000000;20;9636325133;B
20240219;101710;3112.000000000;10;9636325134;B
20240219;101710;3111.500000000;5;9636325144;S
20240219;101710;3112.000000000;1;9636325150;B
20240219;101710;3113.000000000;1;9636325198;B
20240219;101711;3112.000000000;3;9636325395;B
20240219;101712;3112.000000000;1;9636325600;B
20240219;101712;3112.000000000;1;9636325608;B
20240219;101712;3112.000000000;10;9636325634;B
20240219;101712;3112.000000000;10;9636325655;B
20240219;101712;3111.500000000;1;9636326059;S
20240219;101713;3111.500000000;5;9636326244;S
20240219;101713;3111.500000000;1;9636326495;S
20240219;101714;3111.500000000;5;9636326768;S
20240219;101714;3111.500000000;15;9636326786;S
20240219;101714;3111.500000000;3;9636326858;S
20240219;101714;3111.500000000;5;9636326868;S
20240219;101715;3111.500000000;5;9636326962;S
20240219;101715;3111.500000000;1;9636326969;S
20240219;101716;3112.000000000;4;9636327328;B
20240219;101716;3112.000000000;1;9636327334;B
20240219;101716;3111.500000000;5;9636327361;S
20240219;101718;3111.500000000;3;9636328155;S
20240219;101719;3112.000000000;1;9636328364;B
20240219;101721;3112.000000000;6;9636328977;S
20240219;101721;3111.500000000;23;9636328978;S
20240219;101722;3111.500000000;5;9636329306;S
20240219;101722;3111.500000000;7;9636329307;S
20240219;101724;3112.000000000;1;9636329721;S
20240219;101724;3111.500000000;6;9636329722;S
20240219;101724;3111.500000000;1;9636329725;S
20240219;101725;3112.000000000;24;9636329964;S
20240219;101726;3111.500000000;18;9636330309;S
20240219;101726;3111.500000000;3;9636330310;S
20240219;101726;3112.000000000;2;9636330388;B
20240219;101726;3112.000000000;12;9636330390;S
20240219;101726;3112.500000000;3;9636330491;B
20240219;101728;3112.000000000;2;9636330808;S
20240219;101728;3112.500000000;1;9636330864;B
20240219;101728;3112.500000000;15;9636331269;S
20240219;101730;3113.000000000;20;9636331874;B
20240219;101731;3112.500000000;2;9636332265;S
20240219;101732;3113.000000000;22;9636332589;S
20240219;101733;3113.000000000;32;9636332966;S
20240219;101733;3113.000000000;2;9636332967;S
20240219;101733;3112.500000000;3;9636332968;S
20240219;101733;3113.000000000;9;9636332976;S
20240219;101734;3113.000000000;23;9636333165;S
20240219;101734;3112.500000000;93;9636333166;S
20240219;101737;3112.500000000;4;9636334052;S
20240219;101737;3112.500000000;2;9636334053;S
20240219;101737;3112.500000000;32;9636334054;S
20240219;101737;3112.000000000;12;9636334055;S
20240219;101737;3112.000000000;50;9636334063;S
20240219;101739;3113.000000000;10;9636334676;S
20240219;101740;3113.000000000;1;9636334997;S
20240219;101741;3113.500000000;1;9636335056;B
20240219;101741;3113.500000000;1;9636335057;B
20240219;101741;3113.000000000;1;9636335155;S
20240219;101743;3113.000000000;2;9636335406;S
20240219;101743;3113.000000000;6;9636335451;S
20240219;101744;3113.500000000;3;9636335740;B
20240219;101748;3114.000000000;7;9636336686;S
20240219;101749;3115.000000000;1;9636336783;B
20240219;101749;3114.000000000;1;9636336852;S
20240219;101752;3114.000000000;20;9636337774;B
20240219;101752;3114.000000000;3;9636337811;B
20240219;101753;3113.500000000;2;9636338019;S
20240219;101754;3114.000000000;2;9636338096;B
20240219;101754;3114.500000000;1;9636338097;B
20240219;101757;3114.500000000;10;9636338885;B
20240219;101759;3115.000000000;3;9636339281;B
20240219;101759;3114.000000000;1;9636339637;S
20240219;101802;3114.000000000;1;9636340762;S
20240219;101803;3114.000000000;1;9636341001;S
20240219;101804;3114.500000000;19;9636341501;B
20240219;101805;3114.500000000;2;9636341652;B
20240219;101805;3114.000000000;22;9636341667;S
20240219;101805;3114.000000000;3;9636341668;S
20240219;101805;3114.000000000;3;9636341669;S
20240219;101805;3113.500000000;2;9636341789;S
20240219;101808;3114.000000000;1;9636342365;B
20240219;101808;3113.500000000;5;9636342383;S
20240219;101808;3113.500000000;5;9636342511;S
20240219;101809;3114.000000000;5;9636342600;B
20240219;101809;3113.500000000;10;9636342690;S
20240219;101809;3113.500000000;2;9636342691;S
20240219;101810;3114.000000000;20;9636342850;B
20240219;101810;3113.500000000;1;9636342919;S
20240219;101810;3113.500000000;2;9636342936;S
20240219;101811;3113.500000000;27;9636343058;S
20240219;101811;3113.000000000;10;9636343059;S
20240219;101811;3113.000000000;12;9636343060;S
20240219;101811;3113.000000000;3;9636343061;S
20240219;101811;3113.000000000;32;9636343062;S
20240219;101811;3112.500000000;25;9636343063;S
20240219;101811;3112.500000000;20;9636343064;S
20240219;101811;3112.000000000;50;9636343065;S
20240219;101811;3112.000000000;1;9636343066;S
20240219;101811;3112.000000000;5;9636343067;S
20240219;101811;3112.000000000;3;9636343068;S
20240219;101811;3112.000000000;1;9636343069;S
20240219;101811;3111.500000000;4;9636343070;S
20240219;101811;3111.500000000;7;9636343071;S
20240219;101811;3112.000000000;2;9636343241;S
20240219;101812;3112.500000000;1;9636343277;B
20240219;101812;3112.000000000;1;9636343381;S
20240219;101813;3112.000000000;25;9636343514;S
20240219;101816;3111.500000000;7;9636344355;S
20240219;101818;3112.000000000;2;9636344838;S
20240219;101818;3112.500000000;80;9636344844;B
20240219;101818;3112.500000000;11;9636344845;B
20240219;101822;3112.500000000;1;9636345875;S
20240219;101822;3112.000000000;14;9636345876;S
20240219;101822;3111.500000000;1;9636345994;S
20240219;101823;3111.500000000;35;9636346137;S
20240219;101823;3111.500000000;10;9636346138;S
20240219;101823;3111.500000000;1;9636346167;B
20240219;101823;3111.500000000;31;9636346223;B
20240219;101823;3111.500000000;11;9636346224;B
20240219;101824;3112.000000000;197;9636346455;B
20240219;101826;3112.500000000;70;9636346803;S
20240219;101826;3112.000000000;11;9636346804;S
20240219;101826;3112.000000000;9;9636346805;S
20240219;101826;3112.500000000;30;9636346965;S
20240219;101827;3112.500000000;32;9636347027;S
20240219;101827;3112.000000000;13;9636347028;S
20240219;101827;3112.000000000;32;9636347090;S
20240219;101829;3113.000000000;3;9636347416;B
20240219;101829;3113.000000000;1;9636347559;B
20240219;101830;3112.000000000;17;9636347732;S
20240219;101830;3112.000000000;4;9636347733;S
20240219;101830;3113.000000000;6;9636347763;B
20240219;101830;3113.000000000;11;9636347764;B
20240219;101831;3112.000000000;6;9636347786;S
20240219;101831;3111.500000000;7;9636347876;S
20240219;101831;3112.000000000;3;9636347899;B
20240219;101831;3111.500000000;5;9636347972;S
20240219;101832;3112.000000000;7;9636348103;B
20240219;101832;3112.000000000;19;9636348104;B
20240219;101832;3112.500000000;4;9636348105;B
20240219;101833;3111.500000000;5;9636348393;S
20240219;101834;3111.500000000;5;9636348489;S
20240219;101834;3112.000000000;5;9636348673;B
20240219;101834;3112.000000000;65;9636348674;B
20240219;101834;3112.000000000;1;9636348746;B
20240219;101834;3111.500000000;19;9636348772;S
20240219;101835;3111.500000000;1;9636348913;S
20240219;101835;3111.500000000;4;9636348914;S
20240219;101835;3111.500000000;5;9636349050;S
20240219;101836;3111.500000000;1;9636349237;S
20240219;101838;3111.500000000;2;9636349476;B
20240219;101838;3111.500000000;2;9636349522;B
20240219;101838;3111.500000000;11;9636349523;B
20240219;101838;3111.500000000;7;9636349524;B
20240219;101840;3112.000000000;3;9636349808;B
20240219;101842;3111.000000000;2;9636350364;S
20240219;101842;3111.000000000;5;9636350365;S
20240219;101842;3111.000000000;1;9636350366;S
20240219;101842;3111.000000000;5;9636350367;S
20240219;101842;3111.000000000;10;9636350368;S
20240219;101843;3111.000000000;50;9636350753;S
20240219;101844;3110.500000000;1;9636351154;S
20240219;101844;3110.500000000;3;9636351155;S
20240219;101844;3110.500000000;5;9636351156;S
20240219;101844;3110.500000000;7;9636351157;S
20240219;101844;3110.000000000;11;9636351158;S
20240219;101844;3110.000000000;25;9636351159;S
20240219;101844;3110.000000000;1;9636351160;S
20240219;101844;3110.000000000;1;9636351161;S
20240219;101844;3110.000000000;1;9636351162;S
20240219;101844;3110.000000000;100;9636351163;S
20240219;101844;3110.000000000;1;9636351164;S
20240219;101844;3110.000000000;5;9636351165;S
20240219;101844;3110.000000000;8;9636351166;S
20240219;101844;3110.000000000;31;9636351167;S
20240219;101844;3110.000000000;2;9636351168;S
20240219;101844;3110.000000000;15;9636351169;S
20240219;101844;3110.000000000;10;9636351255;S
20240219;101844;3109.500000000;1;9636351359;S
20240219;101844;3109.500000000;2;9636351360;S
20240219;101844;3109.500000000;3;9636351361;S
20240219;101844;3109.000000000;1;9636351362;S
20240219;101844;3109.000000000;1;9636351363;S
20240219;101844;3109.000000000;1;9636351364;S
20240219;101844;3109.000000000;1;9636351366;S
20240219;101844;3109.000000000;1;9636351367;S
20240219;101844;3109.000000000;17;9636351368;S
20240219;101845;3108.500000000;1;9636351456;S
20240219;101845;3108.500000000;3;9636351457;S
20240219;101845;3108.500000000;1;9636351458;S
20240219;101845;3108.500000000;2;9636351459;S
20240219;101845;3110.000000000;1;9636351460;S
20240219;101845;3110.000000000;3;9636351465;B
20240219;101845;3110.000000000;2;9636351466;B
20240219;101845;3108.500000000;35;9636351587;S
20240219;101845;3109.000000000;3;9636351799;B
20240219;101845;3108.500000000;28;9636351855;S
20240219;101846;3108.500000000;5;9636352026;S
20240219;101846;3109.000000000;3;9636352058;B
20240219;101846;3109.500000000;6;9636352059;B
20240219;101846;3109.500000000;1;9636352083;B
20240219;101847;3109.500000000;18;9636352773;B
20240219;101847;3109.500000000;10;9636352774;B
20240219;101847;3109.500000000;15;9636352844;B
20240219;101847;3109.500000000;25;9636352845;B
20240219;101847;3109.000000000;5;9636352917;S
20240219;101847;3109.000000000;1;9636352995;S
20240219;101848;3109.000000000;5;9636353077;S
20240219;101848;3110.000000000;3;9636353168;S
20240219;101848;3109.000000000;1;9636353169;S
20240219;101848;3109.000000000;1;9636353170;S
20240219;101849;3111.000000000;25;9636353264;B
20240219;101849;3111.000000000;10;9636353265;B
20240219;101849;3109.000000000;5;9636353333;B
20240219;101849;3109.000000000;5;9636353464;S
20240219;101850;3109.000000000;5;9636353567;B
20240219;101850;3109.000000000;5;9636353719;B
20240219;101850;3108.500000000;20;9636353843;S
20240219;101851;3109.000000000;5;9636353972;B
20240219;101852;3109.000000000;20;9636354242;B
20240219;101852;3109.000000000;10;9636354320;S
20240219;101852;3108.500000000;140;9636354321;S
20240219;101854;3108.500000000;10;9636354781;S
20240219;101854;3108.500000000;10;9636354880;S
20240219;101854;3108.500000000;25;9636354881;S
20240219;101854;3108.500000000;11;9636354882;S
20240219;101855;3108.500000000;9;9636355194;B
20240219;101855;3108.500000000;1;9636355195;B
20240219;101856;3108.000000000;43;9636355411;S
20240219;101856;3108.500000000;1;9636355423;B
20240219;101856;3108.000000000;40;9636355443;S
20240219;101858;3108.500000000;1;9636355703;B
20240219;101858;3108.000000000;5;9636355757;S
20240219;101858;3108.500000000;147;9636355787;B
20240219;101859;3108.000000000;9;9636356023;S
20240219;101900;3108.000000000;3;9636356231;S
20240219;101905;3108.500000000;3;9636357750;S
20240219;101905;3108.500000000;30;9636357751;S
20240219;101905;3108.500000000;10;9636357752;S
20240219;101905;3108.000000000;12;9636357753;S
20240219;101905;3108.000000000;3;9636357754;S
20240219;101905;3107.500000000;1;9636357755;S
20240219;101905;3107.500000000;10;9636357756;S
20240219;101905;3107.500000000;8;9636357757;S
20240219;101907;3109.500000000;1;9636358696;B
20240219;101907;3110.000000000;48;9636358697;B
20240219;101907;3110.000000000;1;9636358698;B
20240219;101909;3107.500000000;30;9636359265;S
20240219;101909;3107.500000000;4;9636359266;S
20240219;101909;3107.500000000;20;9636359267;S
20240219;101909;3107.500000000;1;9636359268;S
20240219;101909;3107.500000000;12;9636359269;S
20240219;101909;3107.500000000;1;9636359270;S
20240219;101909;3107.500000000;32;9636359271;S
20240219;101911;3109.000000000;1;9636359582;B
20240219;101911;3109.000000000;5;9636359587;B
20240219;101911;3109.000000000;4;9636359625;S
20240219;101911;3108.500000000;5;9636359712;S
20240219;101912;3109.000000000;1;9636359808;B
20240219;101912;3108.500000000;1;9636359836;S
20240219;101912;3109.000000000;5;9636359977;B
20240219;101913;3108.500000000;3;9636360140;S
20240219;101913;3108.500000000;2;9636360141;S
20240219;101914;3109.500000000;1;9636360217;B
20240219;101916;3110.000000000;10;9636360619;B
20240219;101919;3109.000000000;1;9636361392;S
20240219;101920;3109.500000000;10;9636361672;S
20240219;101920;3109.500000000;30;9636361673;S
20240219;101920;3109.000000000;4;9636361674;S
20240219;101920;3108.500000000;1;9636361675;S
20240219;101920;3108.000000000;4;9636361676;S
20240219;101920;3108.000000000;35;9636361677;S
20240219;101920;3110.500000000;1;9636361850;B
20240219;101922;3110.000000000;10;9636362219;S
20240219;101922;3109.500000000;30;9636362220;S
20240219;101922;3108.500000000;1;9636362221;S
20240219;101924;3110.500000000;2;9636362689;B
20240219;101924;3111.000000000;1;9636362690;B
20240219;101924;3111.000000000;96;9636362691;B
20240219;101924;3111.500000000;50;9636362692;B
20240219;101924;3111.500000000;71;9636362693;B
20240219;101926;3112.000000000;1;9636363109;B
20240219;101926;3112.000000000;1;9636363183;B
20240219;101926;3112.000000000;29;9636363190;B
20240219;101926;3112.000000000;112;9636363191;B
20240219;101926;3112.000000000;104;9636363192;B
20240219;101927;3114.000000000;1;9636363472;B
20240219;101927;3114.000000000;2;9636363491;B
20240219;101928;3114.000000000;1;9636363653;B
20240219;101928;3113.500000000;10;9636363662;S
20240219;101928;3113.500000000;2;9636363663;S
20240219;101928;3113.500000000;3;9636363782;S
20240219;101928;3113.000000000;2;9636363783;S
20240219;101929;3113.000000000;1;9636363960;S
20240219;101929;3113.000000000;40;9636364049;S
20240219;101931;3114.000000000;3;9636364596;B
20240219;101932;3114.000000000;14;9636364661;B
20240219;101932;3114.000000000;16;9636364662;B
20240219;101932;3113.500000000;1;9636364735;S
20240219;101932;3114.000000000;2;9636364746;B
20240219;101935;3113.000000000;57;9636365362;S
20240219;101935;3113.000000000;10;9636365363;S
20240219;101935;3112.500000000;30;9636365364;S
20240219;101935;3112.000000000;1;9636365365;S
20240219;101935;3111.500000000;5;9636365366;S
20240219;101935;3111.500000000;47;9636365367;S
20240219;101935;3111.500000000;12;9636365502;S
20240219;101936;3114.000000000;1;9636365721;B
20240219;101937;3114.000000000;1;9636365973;B
20240219;101938;3113.500000000;2;9636366197;S
20240219;101938;3114.000000000;50;9636366228;B
20240219;101938;3114.000000000;2;9636366300;B
20240219;101939;3114.000000000;28;9636366414;B
20240219;101939;3114.000000000;72;9636366415;B
20240219;101939;3114.500000000;2;9636366462;B
20240219;101939;3114.500000000;1;9636366472;B
20240219;101942;3113.500000000;18;9636367092;S
20240219;101944;3113.500000000;2;9636367508;B
20240219;101944;3114.000000000;8;9636367509;B
20240219;101946;3114.500000000;2;9636368111;B
20240219;101946;3114.000000000;50;9636368176;S
